3042 5100
211 285 274 344 248
598 276 628 330 G.
648 275 829 330 SALLUSTI
849 274 967 332 causet

211 452 324 516 orbem
356 449 501 516 venalem
530 455 561 514 et
591 455 721 512 enotare
749 450 953 532 perituram,
985 449 1018 513 ei
1049 454 1225 530 emptorem
1254 431 1354 514 tave?

211 556 307 619 nent.
966 540 971 546 ’

276 660 417 722 XXXVI.
449 658 585 722 Interim
607 659 763 740 Albinus,
787 664 948 722 renovato
973 660 1082 740 bello,
1106 663 1339 741 commeatum,

213 765 417 847 stipendium
440 764 593 846 aliaque,
625 781 712 846 quae
742 763 903 824 militibus
928 767 1006 825 usui
1034 760 1162 842 forent,
1191 768 1340 825 maturat

213 871 244 930 in
273 866 417 931 Africam
453 872 607 950 portare,
644 887 684 929 ae
712 870 825 929 statim
856 869 929 948 ipse
959 862 1152 949 profectus,
1184 870 1233 929 uti
1263 872 1341 929 ante

214 975 365 1052 comitia,
399 972 488 1055 quod
515 975 648 1054 tempus
672 971 762 1033 haud
784 971 886 1054 longe
911 969 1045 1050 aberat,
1078 972 1262 1031 armisaut
1285 971 1341 1032 de·

169 1079 189 1136 2
214 1075 339 1138 ditione
363 1080 422 1136 aut
445 1077 563 1158 quovis
587 1074 685 1135 modo
709 1074 836 1137 bellum
860 1073 1049 1135 conficeret.
1087 1074 1128 1134 ut
1151 1078 1266 1134 eontra
1287 1073 1344 1135 lu·

214 1177 337 1262 gurtha
361 1179 495 1240 trahere
515 1181 624 1240 omnia
647 1182 681 1240 et
704 1177 809 1258 alias,
837 1177 957 1238 deinde
978 1176 1064 1238 alias
1082 1194 1195 1238 morae
1219 1194 1342 1239 causas

215 1278 346 1343 faeere:
383 1281 536 1364 polliceri
566 1281 769 1342 deditionem
799 1299 838 1342 ae
870 1279 990 1341 deinde
1016 1284 1141 1341 metum
1170 1279 1341 1359 simulare,

79 1464 82 1478 ‚
215 1383 337 1446 cedere
361 1386 500 1446 instanti
524 1389 558 1445 et
581 1384 683 1467 paulo
707 1388 803 1468 post,
827 1403 869 1445 ne
893 1386 946 1446 sui
965 1380 1172 1462 diffiderent,
1196 1385 1341 1464 instare3

172 1491 192 1550 3
215 1489 263 1550 ita
285 1488 366 1550 belli
388 1489 504 1568 modo,
528 1488 626 1549 modo
650 1490 744 1570 pasis
767 1506 861 1549 mora
880 1486 1058 1549 Consulem
1080 1486 1263 1548 ludificare.
1297 1489 1343 1549 de

215 1587 329 1671 fuere,
362 1594 511 1675 quitum
534 1592 686 1654 Albinum
714 1591 804 1653 haud
833 1593 985 1676 ignarum
1014 1590 1133 1652 eonsili
1159 1592 1252 1672 regis
1276 1592 1342 1652 exi-

216 1697 420 1775 stumarent,
444 1713 553 1778 neque
578 1714 619 1756 ex
641 1699 735 1756 tanta
754 1696 970 1778 properantia
989 1698 1055 1754 tam
1075 1689 1176 1755 faeile
1200 1697 1344 1755 tractum

173 1796 340 1861 lbellunr
371 1799 527 1860 socordia
554 1800 663 1882 magis
694 1815 793 1880 quam
824 1797 901 1858 dolo
930 1797 1115 1859 crederent.
1161 1796 1229 1858 Sed
1251 1803 1344 1880 post-

217 1917 333 1984 quam,
366 1899 497 1983 dilapso
521 1906 689 1984 ternpore,
720 1903 928 1963 comitiorum
953 1900 1025 1962 dies
1049 1899 1269 1979 adventabat,
1293 1899 1345 1962 ul-

216 2123 420 2134 ——n—-

215 2288 261 2330 tue
285 2288 483 2330 toroaentomm
505 2277 592 2344 fateri
614 2291 683 2330 uero
702 2280 803 2345 eoepit,
829 2279 1006 2340 edoceremur,
1032 2277 1132 2329 literae
1150 2305 1182 2317 -
1200 2292 1230 2330 oe
1251 2277 1344 2344 ferre3

214 2361 309 2430 Xer,
332 2369 369 2418 10
387 2374 452 2431 poet
468 2367 505 2416 in.
529 2361 589 2417 Dia
610 2374 738 2431 aepootee
759 2367 950 2431 perpulerunt,
975 2372 1005 2414 ert
1028 2376 1138 2415 arwam
1162 2365 1347 2432 nooipotlonis

216 2453 324 2504 breuem
341 2466 395 2516 pro
412 2455 500 2503 rotate
517 2455 610 2504 sociae
626 2453 703 2503 urbis
719 2460 885 2517 poterentur.

188 2575 192 2581 ·
288 2548 383 2598 urbem
401 2549 545 2611 venalem)
579 2545 678 2614 Einige
697 2543 779 2598 Codri.
803 2543 857 2596 und
876 2547 954 2596 unter
976 2543 1058 2595 ihnen
1077 2543 1153 2596 einer
1170 2541 1218 2595 der
1235 2545 1344 2596 besten:

217 2629 240 2683 0
258 2634 351 2686 urbem
369 2635 507 2697 borealem,
536 2647 566 2681 so
586 2630 644 2682 dass
663 2631 720 2683 aleo
738 2631 895 2700 Jugurtba's
913 2630 1005 2682 Worte
1028 2628 1067 2681 als
1085 2629 1188 2681 Ausruf
1201 2646 1233 2680 zu
1251 2629 1345 2682 fasseu

215 2718 317 2770 wiiren.
354 2717 385 2768 ln
409 2716 497 2768 dieser
515 2715 642 2786 Fassung
664 2714 754 2767 finden
777 2715 817 2767 eie
841 2715 897 2767 siolo
917 2715 982 2768 atreb
1001 2713 1064 2769 bie.
1083 2713 1346 2783 1111111111

216 2801 296 2856 Oros.
319 2799 354 2870 V,
375 2809 421 2856 15.

283 2905 348 2950 ante
365 2898 495 2962 comitia)
529 2894 623 2966 Vergl.
643 2893 667 2961 §.
686 2900 711 2948 d.

284 2992 352 3060 Kup.
371 2991 496 3042 XXXVI.
533 2999 556 3043 1.
576 2989 710 3054 Interim)
747 2987 775 3041 S.
794 3005 828 3042 zu
846 2987 906 3058 Iup.
924 2993 980 3053 21,
999 2993 1026 3042 2.

284 3084 444 3152 ludificare)
463 3084 540 3138 Nacb
558 3083 719 3138 Arusianus:
738 3084 887 3152 ludificari,
906 3100 966 3138 was
984 3083 1060 3136 Kritz
1079 3081 1132 3136 und
1151 3083 1234 3137 Orelli
1253 3085 1345 3156 ausge-

217 3188 340 3226 nomrnen
360 3172 456 3224 haben.
493 3170 546 3222 Die
567 3171 650 3225 codd.
670 3171 757 3223 haben
776 3172 841 3223 aber
859 3171 911 3224 alle
928 3169 1084 3237 ludificare,
1112 3169 1167 3222 und
1186 3169 1229 3222 die
1247 3171 1346 3223 Zuver·

217 3258 358 3328 liiesiglreit
380 3260 456 3325 ienes
480 3256 565 3310 (lituis
587 3257 720 3310 erseheint
743 3255 921 3324 zweifelbast‚
949 3255 983 3308 da
1001 3272 1030 3308 es
1048 3256 1115 3309 auch
1133 3259 1287 3324 principem
1302 3257 1347 3308 fiir

218 3342 361 3398 danuam
378 3344 462 3412 giebt.

284 3441 309 3489 3.
328 3440 376 3504 qai
393 3439 468 3500 rum)
507 3435 579 3490 Tum
596 3436 735 3490 verbindet
752 3437 825 3490 wohl
843 3437 919 3490 Kritz
937 3435 1037 3506 riehtig
1055 3436 1101 3489 mit
1118 3439 1191 3491 baud
1207 3440 1343 3506 iquorem,

218 3539 248 3575 so
268 3521 326 3574 dass
345 3521 427 3574 dureh
446 3521 521 3582 diese
539 3521 658 3575 Partilrel
677 3523 720 3574 die
738 3523 814 3590 Zeit,
841 3539 894 3575 von
919 3521 966 3574 der
988 3521 1047 3574 hier
1065 3523 1193 3576 zuniiehst
1211 3522 1254 3576 die
1272 3523 1344 3575 Reda

217 3608 266 3675 iet,
292 3624 345 3660 von
370 3607 418 3660 der
439 3607 579 3673 letteren,
602 3607 629 3658 in
648 3607 766 3660 welober
783 3609 895 3661 Albinus
918 3624 1008 3679 gagen
1025 3608 1161 3679 ,Iugurtha
1183 3609 1255 3664 nieht
1276 3608 1345 3663 blois

217 3693 360 3748 sabeiuber
378 3693 503 3746 feiudlich
523 3693 646 3759 verfuhr,
667 3692 830 3762 geschieden
845 3692 921 3746 wird.
959 3693 1044 3747 Sollte
1061 3704 1118 3748 tum
1135 3695 1162 3748 in
1181 3694 1231 3746 den
1246 3695 1344 3764 Haupt-

218 3786 275 3834 satz
294 3780 427 3850 gebdren,
446 3797 476 3834 so
495 3780 567 3832 hiitte
583 3778 684 3832 Sallust
703 3795 731 3830 es
750 3779 972 3832 wahrsebeinlieb
992 3796 1025 3831 zu
1044 3781 1122 3850 suere
1140 3780 1255 3852 gestellt.
1282 3781 1343 3850 Vgl.

219 3867 278 3922 dot.
299 3872 351 3933 17,
372 3873 391 3922 7
415 3869 494 3935 tuere
514 3870 580 3920 trem
602 3882 635 3920 eo
653 3876 824 3936 tempestate,
849 3869 1070 3934 aeterniorem
1097 3871 1150 3932 22,
1171 3865 1294 3922 1Fuere
1310 3882 1345 3921 eo

217 3963 391 4021 tempestate,
409 3957 457 4021 qai
474 3957 602 4008 dicerent.
1256 3975 1260 3984 ·

285 4064 321 4102 ea
338 4058 416 4102 tanto
432 4051 495 4116 pr.)
532 4049 623 4102 Ueber
640 4063 676 4102 ee
693 4065 714 4101 s.
732 4065 764 4101 zu
784 4048 843 4102 Cot.
864 4052 915 4116 12,
936 4052 964 4102 2.

286 4147 310 4193 d.
329 4145 510 4207 adventabat)
547 4142 577 4197 S.
597 4161 629 4194 zu
649 4142 708 4196 dot.
727 4149 781 4209 56,
803 4146 830 4198 4.

285 4251 337 4303 pro
354 4234 510 4310 Praetore)
530 4237 556 4289 d.
575 4237 600 4289 h.
620 4238 659 4290 als
678 4237 945 4292 Oberbefehlshaber.
982 4237 1075 4310 Vergl.
1095 4243 1175 4292 uuten
1189 4237 1223 4290 K.
1237 4240 1299 4304 1⁰³,
1313 4243 1345 4304 ⁴3

218 4321 281 4376 hio.
293 4321 334 4386 X,
349 4326 388 4378 29
405 4325 441 4375 ta.
459 4323 587 4389 pontisera
605 4321 714 4389 Motae,
733 4327 777 4378 cai
792 4328 904 4379 lictores
921 4324 1026 4379 Decius
1043 4327 1197 4379 dediderat
1215 4328 1346 4379 ioeeerm·

218 4423 269 4476 une
287 4425 340 4477 pro
356 4418 484 4476 praetore
501 4422 568 4461 esee.
