3022 5100
313 353 363 407 nli
381 352 503 408 ascio
522 351 759 418 leopardulo
777 352 853 410 clu.
872 355 971 411 xclll.
989 355 1083 412 xclv.
1205 361 1267 425 353

138 545 222 612 pere
245 527 333 590 adit:
366 533 443 590 acta
466 528 605 610 edocet,
635 529 809 612 hortatur,
833 531 878 592 ab·
899 549 941 610 ea
964 539 1080 616 parte,
1105 552 1172 616 qua
1195 537 1269 616 ipse

139 631 359 713 escenderat,
391 633 569 700 castellum
593 637 720 714 tentet,
751 633 931 715 pollicetur
958 653 1037 698 sese
1060 637 1190 698 itineris
1213 631 1275 719 pe?

139 735 306 818 riculique
331 735 460 797 ducem.
506 736 634 798 lilarius
663 753 737 797 cum
760 737 883 821 Ligure
915 739 1087 821 promissa
1112 742 1187 802 elus
1218 741 1315 802 coi

136 841 271 922 gnitum
295 856 335 900 ex
359 839 597 922 praesentibus
620 841 728 920 misit3
753 857 893 922 quorum
917 845 966 903 ull
990 845 1154 926 cuiusque
1178 845 1271 928 inge·

141 944 231 1004 nium
248 948 340 1022 erat,
365 944 412 1003 ita
429 961 498 1005 rem
523 939 693 1004 difficilem
712 948 772 1004 aut
788 939 921 1006 facilem
941 948 1155 1008 nunciavere.v
1191 946 1274 1007 Gon·

140 1045 228 1106 sulis
252 1048 383 1106 animus
406 1052 518 1107 tamen
542 1045 680 1128 paulum
704 1050 867 1108 arrectus.
907 1047 1026 1130 ltaque
1050 1067 1090 1110 ex
1107 1051 1204 1130 copia
1222 1052 1317 1109 ιιι-8

140 1147 285 1210 bisinum
308 1153 344 1210 et
366 1151 568 1210 cornicinum
589 1166 726 1210 nurnero
744 1153 891 1232 quinque
909 1169 1007 1234 quam
1025 1151 1273 1213 velocissumos

142 1249 290 1334 delegit,
315 1258 446 1314 etcum
470 1253 534 1333 his,
559 1251 729 1334 praesidio
744 1255 800 1335 qui
823 1251 950 1333 forent,
975 1260 1135 1336 quattuor
1159 1260 1273 1317 centu-

140 1357 276 1436 riones,
306 1358 482 1438 omnisque
505 1357 619 1439 Liguri
642 1373 762 1438 parere
785 1357 895 1436 iubet,
925 1363 960 1418 et
983 1359 1015 1420 ei
1038 1360 1175 1441 negotio
1198 1375 1274 1441 pro-

140 1475 275 1518 xumum
299 1457 386 1521 diem
409 1461 595 1520 constituit.

206 1561 313 1622 xciv.
360 1562 427 1624 Sed
456 1563 514 1623 ubi
545 1579 586 1623 ex
617 1561 800 1645 praecepto
827 1565 960 1644 tempus
983 1565 1110 1644 visum,
1146 1565 1272 1646 parntis

142 1667 407 1748 compositisque
437 1665 607 1745 omnibus,
641 1665 685 1727 ad
713 1664 823 1728 locum
851 1668 973 1749 pergit.
1027 1666 1181 1727 Ceterum
1211 1665 1272 1746 illi,

143 1769 199 1849 qui
224 1770 399 1829 ascensuri
424 1773 537 1848 crarrt,
562 1768 736 1852 praedocti
753 1768 796 1829 ab
814 1767 917 1848 duce,
943 1786 1035 1830 arma
1052 1774 1274 1852 ornatumque

141 1876 369 1951 mutaverant,
403 1872 513 1954 capite
542 1876 645 1954 atque
673 1870 817 1954 pedibus
847 1871 965 1951 nudis,
999 1874 1048 1934 uti
1071 1877 1275 1955 prospectus

143 1976 307 2056 rnisusquc
330 1990 390 2056 per
412 1991 496 2036 saxa
512 1972 648 2036 facilius
662 1972 768 2055 foret3
792 1991 897 2057 super
913 1978 1011 2058 terga
1027 1953 1132 2058 gladii
1150 1980 1185 2037 et
1199 1993 1274 2036 scu-

142 2082 195 2157 ta,
226 2095 341 2138 verum
371 2095 413 2139 en
442 2078 615 2140 Numidica
644 2097 685 2139 ex
707 2081 826 2158 coriis,
857 2079 1017 2160 ponderis
1041 2081 1152 2162 gratia
1175 2075 1274 2140 simul

145 2185 180 2242 et
203 2178 335 2242 offensa
359 2200 424 2263 quo
449 2181 558 2242 levius
582 2186 782 2262 streperent.
827 2181 936 2266 Igitur
958 2179 1201 2266 praegrediens
1225 2182 1274 2241 Li-
1298 2186 1318 2242 2

144 2302 210 2368 gns
234 2303 336 2363 saxa,
361 2290 395 2346 et
418 2287 447 2346 si
466 2302 554 2369 quae
571 2287 741 2346 vetustate
760 2284 893 2346 radices
913 2285 1118 2364 eminebant,
1143 2283 1276 2366 laqueis
1301 2351 1304 2360 ,

147 2475 347 2486 .,———-.

212 2595 238 2644 ⁷.
255 2606 292 2646 cn
307 2593 499 2661 muscarum
515 2595 572 2658 m.)
590 2591 639 2646 Ec
656 2593 725 2646 steht
743 2592 802 2644 hier
819 2589 872 2644 wie
891 2589 925 2642 im
945 2587 1140 2643 Gricchisclrcu
1159 2587 1208 2642 dcc
1225 2589 1278 2642 Ge-

144 2677 211 2732 nitiv
229 2678 295 2730 odor
313 2679 380 2730 auch
399 2674 429 2732 in
448 2681 483 2741 (s.
503 2677 618 2731 Maronis
635 2679 673 2748 ll,
693 2680 760 2746 ³23)
778 2677 821 2730 bei
840 2675 949 2742 Vertis,
969 2691 1050 2730 wcnn
1070 2676 1113 2729 dle
1131 2675 1279 2745 llandluug

144 2763 202 2815 siclt
222 2765 295 2816 nicht
313 2761 362 2816 arri
377 2763 427 2815 den
447 2779 551 2833 ganzen
567 2764 757 2834 Gegenstand,
777 2763 892 2816 sondern
912 2779 963 2814 nur
981 2763 1031 2815 uuf
1045 2763 1124 2814 einen
1137 2761 1213 2814 Tleil
1232 2764 1277 2813 be-

144 2849 222 2900 nieht.
260 2849 321 2918 Vgl.
344 2847 410 2902 Tac.
428 2848 498 2902 Ann.
519 2848 548 2915 1,
568 2857 607 2906 77
629 2853 727 2904 occisis
744 2865 799 2904 non
816 2852 898 2902 nnodo
914 2865 930 2901 e
945 2852 1040 2916 pleoe;
1067 2849 1144 2902 Cam.
1168 2847 1239 2914 VH,
1262 2855 1278 2900 1

144 2945 208 3002 post
225 2938 262 2988 in.
282 2929 380 3004 [andrae
397 2953 434 2990 eor
451 2941 502 3002 iic,
522 2939 568 3004 qui
583 2941 709 3004 prosilui
726 2941 889 3000 astiterant,
910 2938 1090 2988 cunctantem
1107 2937 1196 2987 adhuc
1212 2935 1278 2986 obli·

144 3024 222 3074 cimai
237 3026 342 3076 lanceis
358 3025 555 3092 consederam,-
574 3021 639 3074 oden
653 3021 749 3074 ebend.
766 3019 830 3084 111,
853 3023 902 3084 12,
924 3025 960 3072 17
978 3021 1042 3072 inde
1059 3033 1096 3070 ear
1113 3019 1279 3084 spadonibus

145 3110 278 3174 captivis,
299 3111 359 3176 puts
372 3107 531 3162 Alecondcr
545 3118 629 3174 esset,
648 3109 880 3170 monstrantibus,
901 3103 1076 3172 Sysiqomdis
1091 3105 1224 3156 motato
1238 3111 1280 3155 est

144 3195 258 3262 pnedtincs
276 3197 345 3246 eius.

214 3282 347 3348 quonam)
382 3278 474 3347 Vergl.
495 3293 527 3330 zu
548 3277 607 3330 Oct.
629 3283 680 3343 11,
701 3280 730 3330 2.

215 3371 240 3417 8.
259 3364 404 3426 umectus)
439 3363 537 3432 Einige
556 3362 657 3417 doda:
674 3373 789 3416 erectos.
824 3359 918 3429 vergi.
936 3375 968 3411 zu
987 3359 1046 3428 Iup.
1067 3363 1122 3426 23,
1144 3367 1169 3413 1.

214 3451 283 3518 llsp.
302 3448 398 3501 xciv.
428 3455 451 3501 1.
469 3451 577 3517 pernis)
597 3448 711 3501 ntmlich
730 3447 826 3516 Linon.
862 3445 930 3498 Dals
948 3435 1053 3500 Marius
1071 3446 1144 3500 nieht
1163 3446 1281 3516 gemeint

146 3537 201 3604 sci,
220 3535 333 3589 erkennt
350 3550 411 3586 man
431 3549 480 3586 aus
499 3535 550 3587 den
568 3535 677 3588 wcucn
697 3551 734 3590 eor
748 3543 904 3603 praecepto.
1204 3531 1207 3538 ⁴

215 3626 264 3690 qni
280 3625 426 3676 ascensuri
442 3624 543 3687 eram)
580 3622 633 3674 Die
656 3622 768 3674 meisten
791 3619 845 3672 und
867 3621 961 3672 benten
980 3617 1064 3672 Codd.
1084 3619 1173 3688 geben
1192 3611 1281 3669 awar:

147 3713 195 3778 pun·
219 3712 353 3762 santwits
374 3719 524 3777 praeerant
548 3705 614 3761 oder
635 3705 813 3774 Acholiohes3
836 3706 903 3758 aber
925 3703 995 3757 dieis
1017 3705 1052 3756 ist
1074 3703 1143 3756 ohne
1165 3700 1282 3754 Zwsifel

149 3794 338 3862 Verderbniss,
358 3793 392 3846 da
405 3795 466 3848 eino
482 3795 574 3848 solche
587 3793 805 3863 Urnschreibung
823 3791 866 3844 iirr
882 3793 1054 3844 centuriones
1071 3788 1130 3840 hier
1148 3805 1218 3858 ganz
1236 3803 1283 3840 un-

149 3880 265 3949 paasend
280 3881 362 3934 wire.
397 3881 472 3933 duelr
491 3880 536 3934 hat
555 3881 614 3933 eine
633 3880 681 3933 der
700 3879 862 3933 aliorbesten
875 3875 1083 3930 llandschriilen
1100 3875 1148 3927 dua
1164 3874 1211 3928 der
1228 3873 1283 3927 auf-

149 3983 344 4038 gcncmmenen
363 3967 462 4021 Lesart
480 3966 549 4020 nahe
568 3965 741 4020 lommende:
760 3969 807 4032 qni
822 3968 928 4018 omnm·
945 3972 1033 4017 mont.

174 4071 175 4076 ¹
217 4057 414 4122 motumque)
451 4053 573 4107 Ommtns
596 4053 679 4105 onem
702 4050 747 4104 die
768 4051 941 4120 Auarislung
964 4047 1030 4101 oder
1054 4045 1192 4118 Kleidung
1214 4046 1283 4100 ohne

151 4139 306 4209 ltiicksiclrt,
325 4142 359 4192 ob
377 4141 418 4192 sie
436 4139 520 4192 schin
538 4138 578 4191 sei
598 4137 664 4190 oder
682 4136 761 4189 nicht.
1098 4131 1101 4138 ’
1181 4133 1183 4137 ’
1222 4131 1224 4134 ’

217 4241 277 4294 cap.
297 4255 330 4266 -
347 4227 447 4291 nudis)
483 4224 575 4294 Vergl.
594 4239 626 4274 zu
646 4222 705 4276 Oct.
726 4227 778 4288 11,
799 4223 827 4275 4.

179 4331 181 4338 ·
220 4314 331 4378 suedas
349 4312 442 4379 soret)
477 4309 571 4378 vergi.
590 4325 622 4360 nu
642 4307 701 4361 Oct.
721 4311 773 4374 21,
796 4313 820 4360 1.

220 4401 350 4464 ponderis
365 4399 480 4467 munio)
499 4395 527 4448 d.
545 4394 571 4447 h.
590 4394 674 4447 demit
691 4393 731 4445 sic
749 4392 861 4446 leichter
878 4392 980 4446 wiron.
1016 4391 1058 4446 Ζιι
1074 4391 1182 4462 offenso
1197 4389 1284 4459 vergi.

151 4479 213 4538 hic.
232 4480 303 4548 VII,
325 4487 366 4540 30
382 4486 464 4538 mins
481 4473 589 4551 offenso
605 4489 684 4535 scum
699 4481 824 4547 mncmde
842 4482 970 4535 sonitum.
1053 4517 1057 4522 -
1086 4481 1089 4493 '

1037 4572 1078 4631 23
