3042 5100
351 346 401 404 DE
418 345 539 402 Bauio
560 343 802 402 indumine
820 345 896 400 ΟΑΡ.
916 345 989 401 LXI.
1007 345 1092 406 Lxli.
1230 351 1293 416 M

163 525 318 607 satisque
340 519 488 584 munitae
517 521 592 584 loco
621 526 680 584 aut
701 523 876 584 moenibus
900 527 1010 604 erant,
1042 513 1213 606 praesidio
1235 525 1294 584 im-

163 629 267 710 ponit.
315 625 471 688 Ceterum
501 628 683 688 examitum
707 628 738 686 in
763 627 983 708 provinciam,
1017 645 1103 709 quac
1133 632 1336 710 proxumo2

164 734 219 795 est
240 728 431 810 Numidiae,
456 727 623 790 hiemandi
646 731 756 814 gnatia
780 728 934 792 collocat.
967 731 1083 812 Neque
1106 731 1140 792 id
1159 735 1293 813 tempus
1316 735 1336 794 3

167 847 209 894 ex
232 833 374 894 aliorum
390 849 482 894 more
506 835 611 916 quieti
634 838 693 894 aut
714 833 867 895 luxuriae
891 832 1060 914 concedit,
1085 834 1166 912 sed,
1191 850 1294 917 quon·

163 939 229 998 iam
266 939 366 998 amnis
400 937 525 998 bellum
554 952 671 1019 parum
701 935 929 1019 procedebat,
968 936 1109 998 insidias
1136 940 1210 1020 regi
1233 955 1294 1020 per
1326 976 1329 982 -

164 1042 290 1101 amicos
324 1039 464 1101 tendere
498 1045 533 1101 et
563 1057 679 1100 eorum
709 1039 849 1123 pertidia
879 1055 939 1121 pro
972 1042 1073 1101 armis
1103 1041 1152 1101 uti
1185 1045 1292 1122 purat.

163 1143 272 1226 igitur
299 1143 541 1224 Bomilcarem,
580 1145 637 1226 qui
665 1143 792 1204 Romae
821 1161 895 1204 cum
925 1142 1088 1227 Iugurtha
1116 1139 1230 1204 suerat
1260 1147 1336 1205 etl

164 1245 260 1325 inde,
284 1246 427 1308 vadibus
452 1247 557 1326 datis,
586 1247 672 1308 clam
696 1246 864 1310 Massivae
889 1245 931 1307 de
955 1263 1037 1307 nece
1060 1245 1219 1308 iudicium
1242 1243 1293 1307 fu·

165 1353 279 1432 gerat,
315 1349 406 1432 quod
440 1353 471 1410 ei
499 1367 559 1433 pel·
585 1367 771 1410 maxumam
801 1351 980 1410 amicitiam
1012 1365 1168 1410 maxuma
1195 1352 1294 1432 copie

164 1449 304 1514 fallendi
328 1458 417 1533 erat,
446 1453 561 1514 multis
584 1452 884 1536 pollicitationibus
908 1451 1115 1536 adgreditur.
1161 1455 1205 1514 llc
1228 1455 1293 1535 pri-

163 1574 217 1616 mo
246 1551 369 1637 efficit,
400 1558 449 1618 uti
477 1557 519 1618 ad
547 1574 586 1618 se
616 1555 830 1638 colloquendi
858 1557 969 1640 gratia
992 1554 1145 1616 occultus
1168 1558 1292 1635 veniat,

163 1659 241 1722 dein
264 1657 330 1722 tide
354 1658 450 1741 duta,
479 1655 730 1740 stimonium
752 1657 860 1720 eduum
881 1659 941 1719 uad
962 1661 1114 1719 necatum
1136 1655 1203 1718 sibi
1224 1641 1294 1719 tco-

162 1757 331 1841 didisset,
360 1757 455 1848 fone,
485 1767 522 1825 ut
547 1759 600 1823 illi
625 1759 772 1824 Senatus
796 1759 1020 1840 impunitatem
1043 1764 1076 1822 et
1097 1777 1161 1821 suo
1183 1760 1295 1822 omniu

161 1861 378 1944 concederet,
409 1863 510 1928 facile
540 1866 702 1928 Numidae
728 1864 931 1948 persuadet,
963 1881 1064 1949 quum
1087 1867 1223 1948 ingenio
1245 1866 1335 1928 in-ti

163 1968 248 2050 fido,
276 1975 346 2030 tum
370 1973 548 2050 metuenti,
580 1988 637 2051 ne,
662 1971 692 2031 si
715 1987 780 2051 pax
803 1987 878 2030 eum
899 1970 1059 2030 Romanis
1081 1969 1193 2049 ficret,
1217 1970 1292 2050 ipse

163 2091 225 2155 per
249 2072 457 2136 conditiones
476 2072 519 2135 ad
541 2073 743 2156 supplicium
765 2072 965 2135 traderetur.

226 2176 323 2237 Lllll.
372 2176 428 2257 ls,
461 2177 519 2239 ubi
550 2180 690 2259 primum
723 2180 946 2258 opportunum
977 2173 1059 2256 tuit,
1096 2175 1293 2259 Iugurtham

164 2281 297 2340 anxium
327 2298 366 2340 ac
396 2282 610 2342 miserantem
638 2275 792 2340 fortunas
820 2295 902 2339 uuas
927 2277 1076 2359 accedit3
1107 2283 1221 2340 mouet
1243 2283 1292 2340 at·
1326 2315 1329 2322 ι

165 2401 235 2466 que
258 2383 447 2446 lacrumans
471 2385 680 2463 obtestatur,
703 2379 755 2442 uti
770 2377 951 2463 aliquando
974 2379 1041 2442 sibi
1061 2377 1241 2463 liberisque
1264 2385 1295 2442 ei

231 2679 353 2728 mamitoe
371 2677 450 2740 ioco)
474 2673 567 2744 vergi.
584 2672 644 2728 θαι.
662 2677 690 2738 7,
710 2680 728 2730 7
746 2675 824 2728 omis
840 2679 943 2727 nutura
959 2675 1080 2726 munitus
1097 2669 1151 2724 und
1169 2669 1213 2724 die
1231 2667 1294 2723 ilm-

162 2761 249 2815 lichcn
266 2762 358 2831 Bcisp.
378 2761 504 2822 daselbst.

231 2873 255 2918 2.
277 2865 405 2920 Ceterum
422 2869 532 2931 emere.)
567 2863 596 2916 S.
615 2881 647 2917 zu
668 2864 726 2919 Cot.
740 2867 793 2929 23,
813 2869 833 2918 6
850 2863 916 2917 iiber
934 2861 986 2917 den
1006 2861 1148 2918 Gebrauch
1167 2859 1215 2914 des
1233 2860 1293 2914 Sin-

163 2951 256 3024 gultus
274 2967 325 3003 von
343 2954 435 3005 ceteri.

229 3059 258 3108 in
274 3071 371 3123 nrum,
392 3070 462 3123 qum
478 3070 558 3122 pron.
577 3057 647 3122 etc.)
674 3043 734 3107 Dan
753 3053 849 3108 Aecus.
867 3049 1042 3121 procinctum
1060 3051 1148 3121 geben
1166 3049 1210 3101 bei
1228 3049 1295 3100 wei-

162 3148 214 3197 tem
233 3141 276 3193 dic
295 3143 407 3194 meisten
426 3138 643 3192 Handscluiften.
680 3141 709 3192 S.
729 3158 762 3191 zu
780 3139 840 3210 luy.
859 3146 905 3202 17,
924 3145 958 3202 3,·
977 3143 1073 3204 60,1.
1111 3135 1171 3185 Dcn
1189 3131 1294 3203 folgen-

161 3225 213 3280 den
232 3226 434 3280 Zwischensatz
460 3225 549 3276 wollte
567 3225 661 3278 Kortia
685 3225 786 3294 tilgen,
810 3225 873 3277 weil
896 3239 926 3276 er
948 3220 1078 3288 tibersah,
1104 3219 1163 3272 dass
1183 3219 1212 3271 i'n
1228 3233 1293 3285 pro

160 3317 293 3378 uinctum,
317 3305 388 3380 quoe
406 3327 546 3378 procoma
562 3321 604 3364 est
621 3309 782 3376 Numidiae,
808 3327 838 3362 so
857 3309 910 3361 vicl
928 3309 963 3360 ist
987 3306 1041 3358 als:
1068 3308 1097 3360 in
1117 3308 1294 3374 provinciam

159 3413 329 3469 promtmom
347 3396 495 3450 Numidiae
517 3395 570 3446 und
595 3396 663 3448 dieis
682 3397 784 3450 wieder
802 3393 1040 3464 gleichbedoutcnd
1059 3393 1119 3444 mit:
1144 3397 1173 3445 in
1189 3406 1292 3460 promu-

160 3501 236 3540 mum
257 3487 416 3552 provinciae
439 3493 555 3550 purtem.
592 3481 684 3554 Vecgl.
703 3479 871 3534 Ruddimann
891 3479 937 3545 11,
960 3498 987 3548 p.
1008 3481 1064 3545 443
1092 3483 1173 3531 unten
1194 3476 1291 3544 107,1

160 3574 263 3626 clodum
280 3581 307 3623 et
323 3585 433 3622 coecum
450 3583 551 3636 corpus
568 3567 606 3622 od
622 3571 709 3620 doctis
726 3578 851 3633 vortere3
869 3573 922 3632 78,
937 3573 956 3622 5
975 3571 1108 3619 intereos
1123 3575 1149 3617 et
1166 3565 1292 3634 tionum-

160 3671 215 3713 tem
233 3655 395 3710 Numidiam
420 3659 501 3710 metiti
523 3659 646 3724 unumque
668 3658 723 3708 loci
744 3665 842 3720 eroon
868 3658 920 3718 92,
940 3659 959 3708 5
966 3667 1045 3706 -nom
1068 3653 1158 3703 oannis
1179 3649 1293 3714 (mons)

159 3756 260 3799 notura
278 3747 353 3797 velut
370 3753 555 3812 onerantque
572 3741 696 3796 consulto
712 3757 852 3810 praecepa.
890 3741 997 3791 Danaus
1021 3732 1126 3807 ecgicbt
1144 3734 1217 3802 sich,
1239 3733 1294 3786 wie

161 3831 293 3902 unnitthig
311 3847 339 3882 es
353 3821 406 3897 lsi,
427 3829 472 3881 mit
491 3829 608 3898 Einigcn
626 3845 680 3898 quo
698 3829 741 3880 fm-
759 3843 827 3896 quoe
845 3824 1047 3879 aufzunehmen.

228 3941 252 3988 5.
270 3937 435 4003 persuadet)
454 3933 524 3984 ohne
543 3933 653 4000 Objekt,
674 3933 727 3984 wie
746 3930 799 3985 Cic.
820 3928 903 3985 Part.
923 3933 943 3982 2
960 3938 990 3982 ut
1007 3927 1145 3989 inveniat,
1165 3925 1292 3992 quemod-

161 4025 269 4078 modum
291 4021 373 4088 fidem
395 4023 482 4089 senciot
506 4022 560 4084 etc,
588 4021 683 4087 quibua
705 4022 778 4072 volet
793 4017 978 4085 pereundam,-
1006 4011 1084 4067 Uoco.
1103 4013 1127 4064 i.
1144 4025 1171 4079 9.
1195 4006 1232 4076 V,
1252 4014 1293 4064 38

162 4105 254 4162 Facile
273 4111 326 4162 doc
343 4110 466 4160 oratioue
484 4103 600 4158 Nerviis
616 4107 764 4171 persuadet
769 4120 781 4167 ,·
804 4100 866 4154 Lio.
886 4094 1013 4166 XXXII,
1033 4093 1074 4152 36
1094 4098 1221 4166 profecto
1243 4105 1293 4150 out

161 4209 358 4261 persuasurum
376 4208 419 4259 oe,
439 4201 488 4246 out
504 4192 668 4260 persuaderi
685 4193 735 4243 siti
750 4203 907 4258 passurum.

230 4297 296 4365 Kup.
312 4295 400 4348 LXII.
421 4302 442 4348 1.
462 4294 642 4363 Iuyurtlam)
662 4293 739 4346 Zwei
750 4291 959 4358 llaudsohriften
971 4290 1057 4344 habeo
1071 4290 1109 4344 ml
1119 4289 1291 4358 [anartium.

161 4383 254 4452 Vergl.
272 4401 304 4434 au
322 4381 381 4450 Iota.
400 4386 454 4445 20,
474 4387 502 4436 3.
1356 4387 1358 4394 “

228 4486 394 4555 aliquando)
423 4483 453 4539 S.
471 4496 504 4537 tu
523 4481 583 4553 loy.
604 4485 656 4550 14,
676 4483 724 4536 21.
