3026 5090
281 337 331 390 on
350 333 624 392 conrannurour
642 333 848 392 oruurnru.
865 335 944 393 cnr.
962 336 1085 393 xuvrn.
1198 343 1261 408 ιω

121 515 237 575 mente
262 513 427 575 catilinae
452 513 594 574 consilia
618 516 806 594 exsecrari,
838 511 1031 576 Ciceronem
1059 515 1103 578 ad
1126 515 1268 578 eoelum
1342 511 1345 514 ’

120 617 266 698 tollere3
296 616 404 678 veluti
427 635 469 678 ex
491 620 655 680 servitute
678 621 796 699 erepta
820 617 980 700 gaudium
1011 623 1112 700 atque
1135 619 1257 681 laetiti-

122 739 176 780 am
199 721 367 804 agitabat.
412 720 562 802 Namque
594 720 661 782 alia
688 719 769 781 belli
797 716 947 782 facinora
975 721 1122 803 praedae
1144 725 1298 804 magist

122 843 224 906 quam
248 823 451 885 detrimento
474 821 567 904 fore,
598 822 786 886 incendium
808 841 889 886 vero
913 824 1070 904 crudele,
1098 825 1256 887 immode-

122 931 236 988 ratum
267 945 308 988 ac
336 928 402 989 sibi
423 945 576 991 maxume
605 927 837 988 calamitosum
860 929 1021 1011 putabat,
1055 931 1178 1012 quippe
1202 930 1256 990 cui

122 1049 243 1092 omnes
267 1032 386 1112 eopiae
411 1033 443 1091 in
467 1048 531 1092 usu
556 1031 724 1092 cotidiano
749 1035 784 1092 et
806 1030 898 1092 cultu
922 1034 1072 1115 eorporis
1096 1036 1201 1102 erant.

187 1133 271 1194 Post
294 1151 371 1194 eum
395 1133 483 1196 diem
507 1132 642 1216 quidam
665 1133 700 1195 L:
724 1134 925 1216 Tarquinius
949 1133 992 1196 ad
1015 1137 1176 1196 Senatum
1199 1133 1255 1196 ad·
1278 1142 1297 1199 3

122 1234 249 1297 duatus
274 1241 367 1317 orat,
392 1255 490 1319 quern
514 1236 557 1298 ad
581 1237 757 1298 Catilinam
780 1238 1047 1320 proficiscentem
1071 1257 1113 1301 ex
1135 1241 1255 1302 itinere

123 1343 309 1400 retractum
342 1340 487 1402 aiebant.
539 1340 573 1400 ls
606 1358 707 1423 quum
737 1358 776 1402 se
806 1340 934 1403 diceret
961 1342 1184 1404 indicaturum
1213 1343 1297 1408 ded

121 1444 375 1522 coniuratione,
407 1447 437 1504 si
465 1443 548 1506 fides
577 1444 714 1526 publioa
744 1443 823 1505 data
846 1449 957 1525 esset,
988 1448 1104 1507 iussus
1129 1464 1148 1507 a
1173 1446 1255 1508 Con-

121 1544 215 1624 sule,
243 1563 331 1627 quae
355 1549 474 1626 sciret,
504 1545 658 1627 edicere,
683 1546 801 1608 eadem
824 1542 914 1628 fere,
939 1565 1026 1630 quae
1048 1548 1253 1628 Volturcius,

120 1648 163 1709 de
192 1651 322 1730 paratis
352 1648 534 1731 incendiis,
568 1649 609 1711 de
640 1649 745 1712 caede
773 1651 951 1731 bonorum,
985 1651 1027 1712 de
1056 1653 1175 1712 itinere
1198 1651 1254 1711 ho-

119 1754 224 1813 stium
249 1753 410 1814 Senatum
430 1751 548 1834 dooetq
571 1758 766 1835 praeterea,
790 1769 828 1814 ae
851 1751 991 1814 missurn
1013 1770 1035 1814 a
1050 1747 1097 1814 M.
1115 1749 1254 1830 Crasso,

14 1893 15 1938 ι
118 1853 177 1936 qni
196 1850 368 1916 Catilinae
389 1853 581 1933 nrcnciaret,
604 1872 646 1915 ne
669 1872 740 1916 aaa
758 1851 919 1916 [renides
943 1859 975 1916 et
993 1852 1154 1936 Cetltepus
1176 1852 1255 1915 ulii-

119 1975 182 2040 que
216 1973 263 2018 ear
294 1955 527 2020 coniuratione
559 1953 758 2035 deprehensi
787 1962 974 2037 terrerent,
1015 1974 1115 2039 eoque
1146 1955 1254 2038 anapia

120 2063 325 2138 properaret
353 2057 400 2122 ud
427 2057 539 2122 urbem
561 2057 736 2140 accedere,
766 2077 828 2143 quo
858 2065 891 2122 et
918 2065 1104 2123 ceterorum
1125 2058 1254 2120 animos

118 2317 201 2352 wenu
227 2300 353 2352 letzteres
377 2296 417 2350 als
441 2297 490 2350 das
513 2297 740 2352 Gewiohivollere
768 2297 851 2352 durelr
876 2297 926 2352 dea
950 2298 1009 2350 Tou
1034 2296 1255 2368 hervorgelrobcn

118 2385 198 2438 wird.
236 2385 299 2454 Vgl.
319 2390 399 2436 auten
419 2383 441 2450 §.
456 2388 473 2436 4
491 2399 520 2436 se
537 2388 653 2436 miseran
664 2401 683 2438 a
693 2382 736 2436 M.
749 2385 868 2447 Grataso,
888 2387 935 2451 qui
949 2382 1086 2438 Catitirure
1101 2387 1257 2447 nunciaret,-

119 2469 179 2538 lup.
191 2475 225 2535 6,
245 2475 266 2524 3
282 2479 429 2536 praeterea
447 2474 637 2537 opportunitas
654 2486 721 2526 suae
738 2473 940 2536 literarumque
957 2474 1074 2534 aetatis,
1093 2485 1162 2537 quae
1173 2472 1257 2524 etium

118 2560 272 2610 rrrediocris
288 2560 367 2608 uiros
385 2571 434 2622 spe
451 2559 573 2623 prmdae
591 2562 769 2613 transvorsos
789 2559 857 2624 apii.
893 2555 922 2610 S.
940 2556 1007 2608 dort.

185 2646 323 2710 penatum
343 2652 424 2708 atque
437 2645 512 2695 ieet.
534 2645 678 2712 apdalm)
721 2641 856 2696 donatam
881 2641 916 2694 ist
939 2641 1038 2697 Gefiihl
1063 2639 1111 2694 der
1135 2640 1254 2708 Fraude;

14 2753 16 2762 a
118 2731 231 2782 laetitia
250 2727 369 2780 Zoeland
392 2727 476 2780 haber
492 2727 611 2795 Frende,
635 2729 688 2780 wie
707 2744 737 2780 er
754 2729 811 2780 sich
831 2727 1002 2798 gewiiholioh
1021 2727 1087 2780 attali
1111 2725 1254 2778 iusserliah

119 2813 191 2866 lund
214 2816 281 2882 gibt.
309 2814 401 2865 Daher
419 2815 535 2866 ersteres
554 2814 593 2865 als
607 2813 766 2882 Gegensatz,
779 2831 811 2866 zu
829 2819 918 2868 metus
934 2811 993 2881 Iup.
1004 2819 1057 2878 53,
1077 2818 1097 2868 8
1113 2829 1165 2880 pro
1183 2823 1256 2866 metu

118 2910 232 2968 repente
247 2902 381 2970 pendium
398 2904 539 2967 emortum,
564 2916 597 2952 zu
614 2915 682 2952 cura
701 2899 760 2955 Cat.
780 2907 833 2964 51,
852 2904 893 2955 20
915 2903 993 2954 ultra
1010 2914 1094 2970 aeque
1111 2915 1195 2954 eterne
1211 2915 1255 2952 ne-

118 3003 172 3053 que
188 2989 293 3054 qaudio
310 2991 400 3039 locum
417 3002 496 3052 esse,·
519 2986 643 3038 letzteres
662 2985 688 3036 in
707 2986 918 3058 Verbindungen
936 2987 990 3038 wie
1010 2986 1071 3042 Cat.
1090 2992 1143 3048 31,
1166 2989 1256 3038 ttae·

119 3077 183 3126 titia
202 3077 287 3139 atque
304 3075 437 3138 lasduia5
457 3069 518 3139 Iup.
539 3076 592 3136 60,
612 3076 632 3124 2
649 3077 756 3125 chomor
771 3076 926 3140 permtoun
942 3074 1113 3135 hortatione,
1134 3074 1254 3135 laetitia,

120 3161 232 3224 pertrita.
271 3157 363 3228 Vergl.
383 3157 440 3210 Cic.
463 3155 544 3212 Tusc.
565 3155 619 3224 IV,
640 3162 750 3224 6,.13,
771 3157 839 3211 Geli.
860 3157 907 3224 ΙΙ,
927 3161 974 3212 27.

175 3251 215 3294 »2.
235 3241 379 3310 Namque)
401 3242 443 3294 bei
462 3241 563 3295 Sallust
581 3249 646 3296 sieta
665 3241 712 3295 das
732 3249 804 3295 erate
822 3245 898 3296 Wort
915 3242 963 3294 des
982 3239 1084 3294 Saites,

190 3333 221 3381 in
238 3345 291 3380 usu
309 3332 447 3382 cotidiano
465 3334 493 3382 et
509 3346 531 3382 e.
550 3332 592 3395 c.)
629 3329 695 3382 Seio
714 3346 816 3400 ganzcr
835 3328 990 3381 Reielrthum
1009 3325 1122 3399 bestand
1140 3327 1167 3379 in
1186 3325 1254 3388 darn,

120 3433 178 3468 raras
198 3431 227 3466 es
252 3413 353 3484 tiiglioh
375 3432 433 3466 zum
453 3415 611 3468 Unterlralte
634 3415 777 3481 bmnohte,
805 3413 858 3466 und
876 3431 935 3467 was
954 3431 982 3466 es
1000 3419 1075 3467 sonst
1094 3431 1142 3467 aur
1161 3413 1256 3482 Pllege

120 3499 168 3552 des
187 3501 309 3568 Kdrpers
327 3499 406 3552 hatte.
448 3499 486 3552 So
504 3508 567 3570 sagi
584 3500 646 3554 Lia.
666 3499 726 3568 IV,
748 3505 786 3556 12
808 3491 943 3568 uendere,
961 3505 1100 3570 quadarn
1117 3505 1257 3553 menstruo

121 3596 280 3653 superesset
287 3604 300 3651 ,·
323 3585 390 3639 Tac.
401 3585 471 3640 Ana.
482 3587 535 3652 IV,
550 3594 591 3643 30
607 3591 713 3641 dardos
730 3591 802 3641 uitae
819 3603 899 3654 nsua,
919 3591 964 3641 enci
980 3593 1039 3642 uita
1056 3587 1257 3642 concederetur.

121 3673 215 3742 Vergl.
234 3691 268 3724 zu
288 3672 347 3726 eat.
365 3679 414 3736 37,
435 3678 461 3727 6.

190 3762 216 3811 3.
235 3758 308 3811 Post
325 3775 387 3812 eum
404 3760 494 3824 diem)
515 3760 610 3829 “Tage
629 3759 731 3811 darauf.
743 3795 754 3817 „
792 3761 820 3814 S.
840 3759 937 3832 Zumpt
955 3759 979 3828 §.
992 3763 1051 3811 aad.

190 3849 216 3896 4.
236 3847 358 3908 edicere)
378 3845 414 3897 So
431 3845 473 3896 die
490 3844 832 3914 meistenHandschrillen,
854 3845 953 3898 andere
968 3849 1072 3907 dicere,
1092 3859 1150 3897 iras
1165 3841 1257 3914 hiiufig

122 3932 167 3984 mit
182 3934 273 3996 jenem
293 3932 471 3984 verweahseli
489 3928 567 3983 wird.
594 3929 711 3984 Edicere
729 3932 833 3984 seheint
851 3932 917 3999 hier,
937 3932 991 3984 wie
1005 3931 1087 3982 dilere
1100 3933 1189 3996 eloqui
1202 3929 1257 3981 und

123 4021 284 4080 enatadare,
305 4017 347 4068 cin
366 4017 599 4070 Belanntmaolren
617 4033 670 4068 von
688 4022 773 4071 etwas
792 4019 993 4086 verborgenem
1012 4016 1187 4086 anauzeigen.

188 4105 369 4171 deprehensi)
406 4104 436 4156 S.
456 4104 486 4156 Z.
507 4103 530 4170 §.
550 4105 601 4156 637
608 4121 615 4170 3
635 4103 696 4156 Scir.
716 4121 741 4173 p.
759 4109 825 4172 ⁵5⁷3
844 4103 935 4160 Madv.
955 4103 977 4170 §.
994 4105 1052 4155 nan.

190 4203 275 4256 eoqtoe
293 4190 401 4257 ncepta)
421 4189 479 4257 Quo
496 4189 562 4256 hier,
582 4190 636 4241 wie
654 4189 745 4259 hinlig
762 4191 829 4242 nauh
848 4189 992 4260 negativen
1008 4188 1115 4256 Siteon,
1135 4205 1179 4242 wo
1195 4207 1257 4242 niun

122 4278 169 4329 aed
187 4281 325 4328 erwarten
344 4276 450 4329 konnte.
487 4276 516 4328 S.
537 4277 604 4328 oben
622 4293 654 4328 zu
673 4277 705 4326 K.
727 4280 771 4342 19,
792 4284 816 4328 2.
855 4276 912 4342 Que
930 4281 1012 4328 satzte
1032 4275 1145 4343 Sallust,
1169 4277 1257 4330 indcm

123 4379 152 4413 er
170 4361 218 4414 das
239 4362 299 4414 hier
319 4361 440 4431 Gesagte
458 4362 531 4414 nieht
550 4363 590 4415 als
603 4361 758 4430 Gegensatz
777 4361 825 4415 der
842 4362 1080 4432 vorhetgalrenden
1096 4363 1186 4416 Worte
1204 4378 1256 4414 ne-

122 4454 272 4517 terrerent,
290 4447 406 4502 eundern
418 4449 457 4502 als
466 4448 743 4518 Vervollstia'ndigung
753 4447 817 4502 oder
825 4448 1141 4520 Erginzungderselben
1152 4448 1254 4500 dachic.
