3042 5100
241 297 305 362 8Ιῦ
450 343 454 350 .
579 339 582 348 ,
625 287 656 342 G.
674 285 856 343 mutuom
874 285 995 340 CRISPI

240 485 329 530 mum
351 465 468 547 potest
488 461 603 526 domiti
627 464 779 546 pecoris,
804 479 913 546 coque
936 464 1075 546 imponit
1097 479 1181 525 vasa
1204 465 1376 546 cuiusque

239 568 346 648 modi,
377 568 439 630 sed
461 566 626 650 pleraque
647 567 782 649 lignea,
814 565 958 630 collecta
980 585 1022 628 ex
1044 569 1193 651 tuguriis
1215 566 1376 628 Numida·

198 675 217 736 5
240 683 326 736 rum·
368 670 417 734 hd
439 671 503 732 hoo
525 671 684 732 finitumis
707 672 866 752 imperat,
891 672 948 752 qui
971 687 1010 732 se
1034 675 1113 752 post
1135 672 1229 753 regis
1253 666 1373 753 fugam

237 775 376 840 Metello
401 775 579 855 dederant,
611 792 711 857 quam
734 772 921 856 plurumam
955 776 1100 857 quisque
1125 791 1236 855 aquae
1259 778 1375 857 porta·

197 884 309 961 tinet,
334 879 422 942 diem
444 879 645 960 locumque,
677 877 735 938 uhi
757 883 895 959 praesto
920 873 1041 958 fuerit,
1073 876 1248 960 praedicit.
1293 877 1375 960 lpse

241 1001 282 1044 ex
304 982 459 1062 flumine,
493 999 592 1065 quam
624 999 818 1063 proxumam
847 980 972 1064 oppido
1004 999 1126 1063 aquam
1158 999 1237 1044 esse
1268 999 1376 1063 supra

241 1086 574 1166 diximuspiumenta
597 1088 725 1146 onerat.
766 1067 813 1145 Eo
837 1085 935 1146 modo
959 1087 1143 1146 instructus
1168 1084 1210 1146 ad
1233 1083 1374 1146 Thalam

197 1192 218 1251 7
240 1188 473 1272 proficiscitur.
507 1186 637 1250 Deinde
662 1187 718 1250 ubi
742 1186 785 1249 ad
808 1187 842 1249 id
865 1187 931 1250 loci
952 1190 1107 1267 ventum,
1132 1205 1198 1270 quo
1221 1187 1374 1250 Numidis

240 1296 478 1376 praeceperat,
511 1295 546 1354 et
569 1295 682 1354 castra
709 1294 822 1373 posita
849 1293 1046 1374 munitaque
1078 1297 1173 1370 sunt,
1205 1295 1299 1354 tanta
1321 1310 1374 1354 re·

240 1401 343 1480 pente
367 1396 462 1458 coelo
486 1397 591 1457 missa
612 1396 664 1456 vis
687 1413 797 1476 aquae
820 1395 959 1475 dicitur,
989 1400 1027 1456 ut
1055 1413 1098 1458 ea
1125 1394 1223 1456 inodo
1247 1397 1374 1457 exerci-

198 1502 219 1560 8
242 1501 292 1562 tui
314 1501 399 1561 satis
430 1516 603 1582 superque
627 1494 724 1560 foret.
769 1499 951 1562 Praeterea
982 1501 1188 1560 commeatus
1219 1517 1280 1581 spe
1304 1516 1372 1561 am-

241 1602 347 1686 plior,
380 1606 460 1686 quia
487 1602 668 1682 Numidae,
699 1603 800 1664 sicuti
828 1602 981 1686 plerique
1010 1605 1041 1664 in
1071 1621 1157 1666 nova
1187 1602 1371 1682 deditione,

198 1711 218 1770 a
241 1703 352 1768 officia
375 1705 597 1768 intenderant.
645 1705 799 1768 Ceterum
828 1706 953 1768 milites
980 1706 1145 1789 religione
1168 1705 1283 1789 pluvia
1305 1725 1373 1767 ma-

241 1812 296 1894 gis
326 1811 381 1870 usi
412 1828 522 1891 eaque
552 1827 609 1870 res
642 1810 783 1872 multum
812 1812 930 1871 animis
965 1829 1078 1872 eorum
1111 1809 1258 1891 addidit3
1297 1829 1371 1871 narn

240 1915 306 1975 rati
338 1930 417 1974 sese
449 1912 501 1975 dis
529 1913 773 1976 immortalibus
801 1931 903 1976 curae
930 1932 1020 1976 esse.
1077 1913 1206 1976 Deinde
1234 1919 1372 1996 postero

242 2014 296 2079 die
329 2020 445 2078 contra
479 2019 666 2099 opinionem
698 2017 883 2100 Iugurthae
914 2017 956 2078 ad
989 2017 1127 2079 Thalam
1161 2020 1371 2100 perveniunt.

181 2125 221 2183 1⁰
245 2119 422 2201 Oppidani,
454 2122 511 2202 qui
534 2137 573 2182 se
595 2120 744 2182 locorum
769 2123 954 2202 asperitate
978 2123 1123 2182 munitos
1147 2120 1371 2200 crediderant,

239 2241 363 2306 magna
392 2227 494 2306 atque
525 2223 664 2284 insolita
691 2223 920 2306 reperculsi,
953 2224 1062 2286 nihilo
1079 2220 1221 2308 segnius
1244 2223 1372 2287 bellurn

238 2344 378 2410 parare3
403 2326 491 2388 idern
515 2329 621 2389 nostri
644 2324 769 2389 facere.
1118 2335 1121 2343 ⁴

243 2509 446 2518 ..ψ

308 2625 332 2671 t.
357 2613 746 2684 eoqo0)1.2ueot.o,a

306 2709 330 2756 5.
358 2705 465 2771 suerit)
500 2701 598 2772 Einige
618 2701 700 2756 Codd.
721 2703 808 2772 geben
827 2705 920 2771 forent
944 2702 1008 2754 oder
1026 2707 1090 2757 oinct.
1127 2689 1248 2755 Eroteres
1267 2703 1301 2756 ist
1320 2721 1372 2756 von

239 2790 378 2842 mehreren
398 2789 606 2858 Heransgeborn
627 2789 834 2858 arrigenonnnen
856 2788 974 2840 worden.
1003 2789 1076 2841 Abeo
1094 2790 1177 2857 fornii
1195 2789 1230 2840 ist
1249 2789 1292 2842 die
1307 2791 1373 2842 Les-

239 2879 281 2928 ori
299 2860 352 2927 fast
370 2874 437 2926 aller
455 2873 508 2925 rand
528 2874 722 2926 insbesondcre
741 2873 789 2926 der
807 2875 899 2926 besicn
920 2874 1001 2928 Codd.
1033 2873 1077 2926 Da
1096 2875 1138 2927 die
1157 2875 1239 2928 liltore
1251 2875 1373 2944 Spraehe

237 2960 290 3012 den
303 2959 440 3014 Conitmct.
458 2963 530 3030 perf.
549 2961 614 3013 oder
632 2960 699 3011 nach
714 2959 840 3011 Anderen
853 2961 956 3023 (Madv.
968 2961 988 3028 §.
1004 2961 1071 3024 ³79)
1090 2963 1140 3028 titt.
1159 2977 1203 3014 em.
1223 2962 1307 3014 dflers
1326 2979 1373 3032 ge-

240 3047 384 3114 brauchte,
409 3062 453 3100 wo
472 3065 532 3098 man
552 3045 603 3099 den
622 3045 670 3098 des
688 3044 752 3098 Fon.
772 3049 861 3114 simpl.
881 3052 1025 3099 convortete
1043 3047 1096 3098 und
1114 3048 1180 3099 anch
1195 3045 1308 3115 hhoqm.
1324 3047 1372 3100 Or.

239 3133 306 3204 Lep.
330 3133 353 3200 §.
375 3139 413 3188 19
435 3133 477 3185 ein
497 3133 603 3186 solohes
625 3131 744 3201 Bcispiel
769 3132 826 3184 sich
848 3131 929 3185 findet
951 3136 990 3197 (s.
1006 3131 1096 3199 dont),
1120 3147 1156 3185 so.
1174 3133 1278 3186 mithio
1304 3133 1372 3186 anch

239 3221 297 3273 hier
313 3220 399 3288 merit
417 3219 451 3270 im
471 3217 555 3271 Sinna
574 3234 625 3270 von
644 3221 756 3287 foturus
774 3222 809 3272 sit
827 3237 858 3271 zu
878 3219 966 3271 forsan
986 3219 1053 3271 sein.
1089 3219 1244 3272 Auffallcod
1268 3221 1303 3272 inl
1326 3219 1374 3272 der

239 3305 370 3375 Singular
393 3307 491 3373 Γιιεήτ,
512 3304 608 3357 dassen
628 3305 786 3373 Beziehung
804 3306 854 3357 arrf
870 3305 918 3356 das
937 3305 964 3356 in
984 3305 1069 3357 cinam
1095 3305 1197 3357 andorn
1222 3304 1303 3358 Saloe
1321 3313 1373 3360 sie-

239 3390 325 3444 hcnde
343 3393 454 3458 qtrioque
478 3390 541 3451 sehr
558 3391 618 3443 hart
643 3391 784 3444 crschoinl.
821 3391 961 3444 Vielleicht
981 3392 1015 3444 isi
1033 3391 1116 3444 daher
1134 3392 1181 3444 mit
1199 3391 1286 3444 cinern
1302 3386 1371 3447 ’θοὰ

203 3495 206 3508 ⁴
239 3478 341 3546 fiterint
357 3491 389 3526 zu
409 3475 559 3528 schreihcn.

201 3605 208 3621 ,
308 3565 332 3614 6.
360 3566 464 3630 quom)
490 3561 706 3631 Einigovoddn
728 3566 806 3630 qood.
844 3563 935 3634 vergi.
961 3567 1028 3618 iiber
1051 3564 1099 3617 das
1118 3563 1211 3618 Genus
1234 3563 1282 3618 des
1307 3565 1373 3619 l’ro-

239 3667 351 3704 nomcns
370 3650 438 3702 oben
456 3665 488 3700 zu
507 3646 567 3716 loy.
587 3651 641 3714 11,
664 3655 689 3701 1.

308 3742 333 3790 7.
367 3750 419 3804 quo
438 3765 471 3774 -
487 3740 599 3804 praeci)
634 3733 758 3786 Mchrere
784 3734 992 3788 iiandsohriflen
1024 3737 1111 3805 geben
1128 3741 1216 3806 qaod
1238 3740 1283 3790 fiir
1310 3753 1371 3806 quo.

240 3825 379 3876 Leiztercs
402 3821 437 3873 ist
461 3819 504 3873 die
527 3820 681 3872 schwerere
704 3820 758 3871 nnd
782 3819 817 3871 ἰιιι
842 3820 1082 3891 Sprachgehrauch
1107 3824 1182 3876 mehr
1207 3824 1373 3894 bcgriindete

239 3910 350 3976 Lcsart,
371 3907 405 3960 da
423 3925 484 3960 man
504 3924 571 3978 genn
591 3907 617 3958 in
632 3906 826 3959 Relativaiitzen
846 3907 889 3959 cin
903 3908 1031 3976 Verbum,
1051 3907 1099 3960 das
1118 3910 1199 3962 sehon
1219 3911 1253 3961 im
1272 3909 1375 3979 ilarrpi·

239 3999 313 4047 satae
338 3994 422 4062 steht,
448 3994 583 4064 wegliist.
619 3993 680 4063 vgi.
701 3991 761 4062 rap.
782 3995 833 4058 14,
854 4000 892 4048 15
910 3994 964 4046 und
982 3999 1038 4060 ²²5
1065 4002 1117 4062 18,
1137 4000 1172 4060 2,·
1190 3997 1243 4062 49,
1264 4001 1302 4061 1,·
1322 4003 1371 4062 71,

241 4085 278 4145 2,·
296 4079 411 4149 Froqm.
432 4080 463 4147 1,
486 4087 537 4146 19,
560 4087 606 4135 10.

308 4182 343 4220 eo
360 4166 457 4233 mmo)
483 4183 504 4218 s.
524 4184 547 4218 v.
567 4183 590 4218 a.
614 4181 649 4220 eo
670 4170 732 4220 solo
753 4165 846 4220 'diosa
868 4166 977 4224 allaim„
1015 4167 1108 4236 Vorgl.
1129 4168 1189 4236 loq.
1208 4174 1261 4234 50,
1281 4171 1301 4243 1
1318 4170 1376 4235 ipsi

241 4254 323 4306 otrodo
344 4255 451 4304 cortinas
473 4255 688 4318 eunomianum
715 4257 807 4317 7o,5
834 4250 959 4320 Denique
982 4252 1104 4306 Romani
1122 4285 1152 4294 -
1172 4257 1270 4322 oyapido
1291 4257 1375 4308 modo

241 4342 338 4407 potiti:
354 4341 461 4407 proedo
478 4343 568 4392 omnis
585 4341 619 4392 oh
636 4338 760 4406 pertinit
776 4348 922 4406 cottonem·
941 4343 993 4405 78,
1013 4342 1031 4392 4
1050 4339 1120 4394 Idioo
1136 4345 1261 4394 ciuitatis
1278 4343 1376 4409 lincam

242 4428 323 4480 modo
340 4438 478 4490 convorso
495 4451 528 4462 -
545 4428 618 4492 lepos
635 4429 774 4492 coitusque
789 4429 919 4491 nitroque
936 4424 1086 4489 Sidoroicor
1104 4425 1145 4480 W.
1166 4425 1188 4492 §.
1206 4427 1265 4478 aas.
