3042 5100
347 371 395 425 DI}
413 369 534 425 BELLO
552 369 785 426 lueuurfflrto
804 369 881 428 GAP.
900 373 994 427 LVIII.
1013 374 1084 430 LIX.
1232 383 1292 444 291

168 549 411 626 accessissent,
441 548 487 608 ibi
515 565 594 609 vero
618 549 775 608 virtutem
798 548 978 610 ostendere
1002 554 1036 610 et
1059 569 1119 612 eos
1141 569 1295 623 maxuma

166 652 197 710 vi
218 650 381 731 caedere,
405 647 546 712 fundere
564 655 667 733 atque
690 646 822 734 fugare.
859 651 993 713 Interim
1011 651 1171 716 Metellus
1195 673 1297 738 quum
1318 661 1339 719 4

166 771 340 816 acerrume
363 769 433 816 rem
457 760 610 838 gereret,
643 753 822 814 clamorem
850 754 955 816 veluti
985 756 1165 820 tumultum
1192 759 1296 822 hosti-

165 855 231 918 lem
262 859 304 919 ab
327 863 425 942 tergo
449 859 596 939 accepit,
626 856 702 918 dein
727 875 890 920 convorso
914 875 1018 941 equo,
1049 860 1295 943 animadvortit,

165 958 283 1046 fugam
314 962 358 1024 ad
386 979 424 1023 se
452 979 588 1022 vorsum
611 961 699 1040 fieri,
730 979 818 1042 quae
846 979 901 1024 res
929 963 1098 1027 indicabat
1120 965 1296 1048 popularis

165 1079 254 1125 esse.
300 1063 408 1146 Igitur
437 1067 624 1148 equitatum
655 1081 785 1126 omnem
817 1064 859 1125 ad
889 1069 1000 1127 castra
1023 1085 1167 1150 propere
1191 1071 1337 1149 misit,5

164 1183 204 1228 ac
234 1170 349 1230 statim
379 1167 413 1228 9.
438 1168 577 1228 lllarium
608 1185 682 1229 cum
710 1167 904 1229 cohortibus
932 1172 1117 1250 sociorum,
1149 1189 1294 1254 eumque

164 1270 355 1332 lacrumans
385 1289 447 1354 per
480 1274 659 1334 amicitiam
692 1288 821 1353 perque
851 1272 1091 1354 rempublicam
1125 1275 1294 1356 obsecret,

163 1391 205 1436 ne
228 1393 329 1456 quam
351 1374 587 1438 contumeliam
610 1391 784 1436 remanere
807 1375 839 1434 in
863 1379 1013 1438 exercitu
1035 1379 1179 1456 victore,
1210 1395 1296 1440 neve

162 1477 272 1538 bostis
295 1477 421 1540 inultos
450 1479 542 1540 abire
569 1480 668 1540 sinat.
714 1476 777 1538 llle
800 1477 893 1540 brevi
917 1478 1074 1541 mandata
1097 1477 1210 1542 eflicit.
1255 1483 1338 1547 nto

86 1611 89 1616 ,
161 1579 328 1664 Iugurtha
343 1583 547 1643 munimento
565 1585 751 1642 castrorum
770 1580 965 1663 impeditus,
991 1601 1092 1664 quum
1113 1581 1171 1644 alii
1192 1600 1296 1665 super

161 1682 287 1744 vallum
311 1687 630 1766 praecipitarentur,
662 1682 719 1744 alii
746 1686 778 1744 in
803 1687 971 1767 angustiIs
999 1687 1064 1768 ipsi
1087 1686 1153 1746 sibi
1175 1704 1295 1768 prope·
1324 1667 1326 1678 ¹

162 1791 277 1848 rantes
302 1787 501 1868 obiicerent,
526 1785 641 1848 multis
666 1789 818 1868 amissis,
842 1789 875 1847 in
898 1787 973 1848 loca
991 1789 1118 1850 munita
1141 1806 1220 1851 sese
1243 1806 1295 1852 re·

162 1892 262 1974 cepit.
307 1889 486 1972 Metellus,
516 1888 640 1954 infecto
673 1892 825 1976 negotio,
856 1894 1036 1974 postquam
1069 1911 1132 1954 nox
1163 1892 1338 1974 aderat,'i

162 1995 195 2054 in
219 1999 332 2066 castra
356 2013 431 2056 cunr
454 1997 604 2058 exercitu
627 1997 817 2057 revortitur.

226 2113 305 2176 nix.
350 2115 459 2200 Igitur
484 2120 623 2198 postero
647 2115 718 2193 die,
743 2117 938 2198 priusquam
967 2115 1294 2200 adoppugnandum

163 2216 394 2302 egrederetur,
420 2220 605 2302 equitatum
630 2236 758 2290 omnem
782 2221 814 2278 in
839 2237 880 2280 ea
898 2223 1006 2302 parte,
1032 2237 1098 2301 qua
1120 2222 1213 2304 regis
1238 2219 1294 2282 ad-

161 2324 282 2383 ventus
306 2327 396 2402 erat,
420 2342 479 2405 pro
504 2324 626 2383 castris
645 2323 775 2408 agitare
799 2322 907 2402 iubet,
931 2325 1047 2404 portas
1072 2327 1105 2383 et
1132 2341 1294 2405 proxuma

163 2423 240 2488 loca
260 2426 405 2488 trIbunis
430 2425 603 2506 dispertit,
629 2424 750 2487 deinde
772 2425 846 2506 ipse
864 2427 976 2508 pergit
996 2423 1040 2486 ad
1063 2424 1220 2508 oppidum
1244 2429 1294 2486 at·

163 2545 228 2610 que
252 2530 301 2588 uti
329 2531 504 2610 superiore
529 2527 582 2590 die
612 2546 742 2590 murum
765 2526 972 2611 adgreditur.
1016 2526 1152 2590 Interim
1174 2527 1336 2612 Iugur³2

161 2631 220 2691 tha
248 2649 288 2693 ex
318 2631 451 2692 occulto
477 2637 617 2715 repente
645 2635 780 2693 nostros
809 2631 945 2692 invadit.
992 2633 1051 2707 Qui
1074 2634 1107 2694 in
1130 2649 1294 2714 proxumo

163 2734 264 2796 locati
286 2731 438 2816 fuerant,
470 2734 646 2820 paulisper
668 2737 778 2798 territi
800 2735 1056 2818 perturbantur,
1080 2735 1203 2820 reliqui
1226 2739 1292 2798 cito

170 2935 358 2944 ..μ

229 3071 256 3114 et
273 3077 321 3114 cos
338 3075 413 3115 mun.
432 3062 483 3124 ci)
520 3059 559 3114 Et
581 3059 651 3114 steht
673 3061 731 3114 hicr
748 3059 903 3129 explilatir,
927 3075 958 3112 co
976 3056 1035 3110 dass
1052 3073 1116 3109 man
1133 3059 1293 3112 iibereetzen

161 3147 244 3199 kann:
268 3146 375 3200 “tndem
394 3149 519 3203 siecle„

229 3239 253 3286 4.
276 3237 361 3286 velitri
379 3232 544 3294 tromuinrm)
581 3230 618 3284 So
636 3230 758 3282 mohrere
777 3230 874 3296 codd,
900 3228 1000 3281 audere
1017 3239 1044 3282 er
1062 3227 1128 3282 oder
1143 3238 1174 3284 ut
1190 3235 1235 3284 vel
1252 3241 1293 3284 tu·

160 3323 293 3384 multum,
314 3318 406 3386 einige
425 3318 571 3387 geriugero
588 3318 678 3368 lusson
694 3316 768 3368 diese
782 3317 874 3368 Worte
888 3331 958 3385 gana
973 3331 1044 3386 weg.
1073 3316 1217 3369 Letztereu
1233 3316 1294 3369 clud

161 3405 204 3458 die
228 3420 346 3457 neueren
364 3404 557 3472 Herausgeber
574 3403 699 3453 meistcns
719 3401 839 3472 gelulgt‚
864 3417 1000 3472 wogegen
1018 3401 1128 3472 Herzog
1146 3403 1193 3456 urit
1211 3403 1294 3456 llccht

160 3490 296 3544 hemerltt:
325 3485 470 3541 “Metellus
493 3487 635 3540 verninrnrt
658 3487 730 3540 nicht
753 3487 801 3540 des
820 3487 949 3540 Geschrel
969 3487 1017 3540 der
1033 3486 1151 3557 Feinde,
1175 3488 1292 3542 souderu

159 3582 312 3630 cbtmcrem
329 3577 524 3628 tumultuosum
541 3575 627 3628 sebui
644 3576 678 3626 ab
695 3576 816 3627 hocador
834 3575 1000 3631 rublorum„

229 3665 267 3717 od
284 3678 314 3716 se
330 3665 459 3728 vorsum)
494 3660 586 3731 Vergl.
607 3679 639 3714 zu
659 3660 718 3716 Cat.
738 3666 792 3727 50,
814 3663 840 3714 4.

227 3755 252 3802 5.
271 3753 392 3816 inultos)
416 3747 525 3801 lauicos
542 3748 614 3802 steht
630 3749 674 3801 bei
693 3747 794 3802 Sallust
813 3749 880 3800 eben
898 3745 1003 3800 sowobl
1020 3746 1048 3798 in
1066 3743 1115 3798 der
1131 3744 1294 3815 Bedeutung

162 3837 367 3906 arrogarent„
393 3835 433 3887 uls
453 3835 653 3906 “ungestralla
692 3835 724 3887 In
742 3841 858 3888 erstercr
876 3832 934 3886 Cat.
953 3837 1006 3897 58,
1025 3835 1081 3898 215
1101 3829 1162 3901 luy.
1181 3837 1235 3896 31,
1254 3835 1292 3898 2,·

160 3924 186 3974 ln
206 3922 329 3975 letalemr
346 3919 407 3990 Iup.
427 3926 482 3988 70,
505 3925 539 3985 4,·
559 3926 632 3988 196,
654 3927 681 3976 d.

227 4007 296 4076 Καρ.
316 4007 388 4060 LIX.
426 4015 451 4064 1.
471 4011 661 4076 egrederetur)
678 4006 784 4076 Epredi
800 4005 893 4074 hilulig
910 4019 970 4057 vom
988 4003 1146 4056 dusriiclteu
1164 4021 1213 4058 nus
1232 4005 1293 4059 dem

73 4107 75 4113 ·
160 4094 265 4164 hager,
290 4093 344 4146 wie
361 4097 408 4161 91,
428 4101 457 4162 ²3
483 4097 545 4160 196,
566 4099 596 4160 43
625 4093 692 4145 doch
711 4093 779 4144 auch
797 4092 844 4144 mit
866 4089 925 4143 deur
949 4089 1073 4142 Batnon:
1097 4095 1213 4159 curma,
1237 4093 1293 4147 wie

160 4183 207 4246 91,
226 4184 250 4232 a
289 4177 468 4232 Gewlihnliolr
487 4179 557 4232 steht
575 4177 643 4232 diel's
655 4179 771 4230 Verbum
790 4178 837 4230 mit
855 4176 914 4228 dem
926 4174 1015 4230 ditur.
1031 4176 1100 4232 ohne
1112 4178 1293 4248 Pniiposition,

162 4266 226 4316 uber
243 4266 309 4318 auch
329 4265 376 4317 mit
393 4279 443 4331 em,
463 4274 560 4331 estro,
581 4281 603 4316 c.
619 4264 651 4316 B.
668 4267 716 4324 ot,
731 4267 762 4332 33
780 4264 807 4316 in
820 4261 1039 4333 dchedeulung
1059 4265 1292 4330 “iiberschreitem

161 4350 228 4402 iiber
243 4351 336 4404 Etwus
355 4349 559 4421 hineusgehen„
579 4351 624 4402 fiir
641 4353 802 4418 supergredi
819 4347 883 4401 oder
900 4361 1033 4416 superare
1050 4349 1095 4403 hat
1111 4367 1140 4404 es
1158 4351 1211 4403 den
1227 4349 1291 4402 Ace.

135 4435 253 4506 xI'ergl.
273 4436 333 4506 Iup.
355 4443 426 4503 110,
446 4443 483 4503 8,·
501 4434 664 4504 Bragmd,
685 4435 824 4502 295111,
844 4440 891 4492 23.

228 4537 283 4592 quo
301 4537 327 4578 r.
346 4525 408 4579 cdo.
426 4523 507 4587 erut)
526 4522 555 4578 S.
576 4522 635 4580 dut.
647 4527 697 4590 57,
716 4529 737 4579 3
753 4538 808 4592 qua
823 4527 866 4580 illi
883 4527 1029 4582 &mauu
1045 4531 1116 4578 erat
1142 4521 1205 4592 Vgl.
1222 4519 1292 4574 dart.

1015 4609 1087 4675 1⁹*
