3022 5100
239 347 304 409 sse
633 334 666 389 c.
685 330 867 386 senonem
886 331 1003 386 celem

241 533 315 594 cos,
340 531 421 598 quos
444 509 531 573 nolis
549 505 735 598 offendere,
760 501 1022 592 inuisumque
1045 507 1155 572 omnia
1178 525 1318 588 curare,
1343 515 1378 570 et

241 637 282 681 ea
302 634 401 700 apere
428 616 519 678 inter
545 609 692 690 invidos,
724 609 957 688 occursantis,
989 606 1174 695 factiosae,
1208 609 1377 690 opinione,

199 719 408 800 iQairites,
437 717 596 796 asperius
624 719 686 776 est.
737 710 793 775 At
814 711 890 792 ltoc,
921 712 984 775 alii
1007 713 1041 774 si
1064 711 1249 797 deliquere,
1279 721 1377 777 vetus

239 821 418 900 nobilitas,
435 820 611 882 maiorum
637 812 748 903 sortia
775 812 891 898 sactu,
927 823 1141 898 copnatorrmt
1162 823 1193 880 ei
1215 815 1378 902 adfinium

240 944 337 1004 opes,
360 921 484 986 multae
502 917 692 998 clientelae,
717 919 827 980 ornain
841 917 928 980 ilaec
949 917 1125 998 praesidio
1147 918 1293 995 castinu-
1316 920 1377 982 rni-

239 1027 275 1089 ti
307 1045 386 1106 spes
415 1043 526 1086 omnes
555 1023 591 1085 in
618 1026 734 1083 memet
762 1021 868 1100 sitae,
897 1039 980 1104 quas
1005 1039 1142 1084 necesse
1172 1029 1224 1084 est
1252 1023 1377 1084 uirtute

198 1141 217 1198 5
240 1135 273 1191 et
293 1128 484 1193 innocentia
505 1126 631 1203 tutari,·
657 1143 733 1186 nam
760 1122 830 1186 alia
857 1121 991 1207 infirmo
1019 1131 1105 1186 soant.
1150 1121 1197 1188 m
1219 1123 1306 1188 illud
1327 1125 1378 1187 in-

239 1229 373 1314 tellepo,
398 1228 561 1308 Quirites,
586 1226 729 1290 omnium
746 1245 809 1288 ora
825 1227 862 1288 in
883 1245 933 1289 me
951 1245 1115 1289 convorsa
1134 1246 1226 1308 esse,
1250 1247 1375 1312 aequos

240 1333 406 1417 bonosque
426 1328 557 1417 sonere,
586 1331 706 1413 qnippe
735 1347 807 1392 meu
836 1329 914 1392 bene
941 1325 1038 1416 sacia
1066 1331 1269 1410 reipublicae
1298 1350 1377 1411 pro-

198 1448 218 1506 6
240 1434 376 1516 cedunt,
404 1433 611 1497 nobilitatem
638 1431 745 1495 locam
773 1430 955 1496 incallcndi
983 1451 1152 1516 quaerere.
1199 1432 1269 1508 Quo
1291 1434 1376 1498 mihi

239 1539 356 1602 acrius
383 1535 600 1600 adnitendum
627 1541 698 1615 est,
732 1535 781 1597 ati
810 1552 912 1619 neque
942 1554 1002 1598 nos
1031 1537 1226 1617 capiamini,
1259 1542 1293 1598 et
1319 1537 1375 1602 illi

198 1655 218 1713 7
240 1638 377 1728 frastra
399 1642 478 1704 siat.
523 1638 580 1702 lta
602 1636 649 1700 aa
669 1638 730 1700 ltoc
752 1638 876 1701 aetatis
899 1657 921 1701 a
941 1639 1088 1718 pueritia
1108 1636 1178 1727 fni,
1207 1647 1244 1702 ut
1267 1641 1375 1703 omnis

197 1744 388 1822 elabores,
417 1740 570 1822 pericula
592 1748 751 1804 consueta
773 1741 918 1804 habeam.
965 1741 1055 1816 Quae
1078 1748 1156 1806 aute
1177 1750 1297 1807 nostru
1320 1743 1374 1832 be-

240 1845 361 1931 aeficia
377 1845 529 1929 prutnito
547 1841 726 1930 faciebam,
751 1863 790 1906 ea
811 1844 863 1906 uti
886 1852 1024 1926 accepta
1039 1845 1190 1919 morcelle
1208 1845 1374 1928 deseram,

241 2029 445 2038 ----——

309 2149 336 2191 et
353 2153 386 2191 ea
404 2139 448 2200 a.)
485 2135 514 2190 S.
533 2120 695 2204 zu'Fropm.
714 2134 761 2189 Or.
780 2133 856 2189 Phil.
875 2137 897 2203 §.
919 2141 944 2187 1.

310 2227 497 2290 meantis)
515 2222 668 2276 Occursare
686 2223 739 2275 wie
758 2237 902 2276 occurrere
920 2223 1004 2274 lifters
1019 2230 1070 2274 von
1088 2222 1257 2278 feindlichem
1270 2223 1375 2276 Wider-

241 2312 358 2363 stoeben.

309 2402 333 2448 4.
352 2413 408 2449 nec.
427 2407 468 2449 cst
483 2425 514 2436 —
529 2399 616 2450 innoc.
635 2400 722 2449 trctari
723 2400 739 2460 )
758 2394 876 2448 Necesse
893 2405 935 2448 est
952 2395 1021 2448 steht
1039 2412 1114 2447 zwar
1132 2395 1204 2446 nieht
1221 2397 1307 2448 seiten
1325 2395 1375 2448 mii

239 2483 299 2534 dem
321 2483 425 2534 bloieeu
443 2483 575 2549 Infinifiv,
601 2482 660 2534 hier
678 2483 711 2534 ist
729 2484 808 2548 aber,
835 2482 888 2533 wie
907 2481 955 2532 der
973 2481 1209 2550 'tusammenhang
1226 2481 1309 2547 lehrt,
1330 2497 1375 2534 me

240 2587 272 2620 zu
297 2569 439 2637 supplicem
476 2568 531 2620 Zur
549 2568 637 2620 Sachc
659 2569 743 2637 vergi.
768 2568 823 2622 cto.
846 2571 879 2620 ele
899 2571 957 2634 lepc
974 2583 1034 2635 apr.
1054 2566 1101 2632 ΙΙ,
1121 2573 1177 2632 36,
1201 2575 1260 2626 wo
1278 2581 1374 2634 quem-

238 2658 395 2718 admodum,
415 2670 497 2721 quum
509 2657 641 2722 petitam,
661 2658 731 2707 nisui
748 2667 791 2707 me
808 2657 885 2707 votis
903 2663 1031 2706 auctores
1047 2658 1156 2722 penoris
1171 2658 1225 2706 mel
1237 2668 1374 2707 commen-

238 2743 354 2805 iarunt,
375 2745 429 2807 sie,
449 2745 476 2793 si
493 2742 559 2807 quii
576 2743 730 2808 deliquero,
752 2745 844 2794 nuum
861 2749 925 2792 snm
941 2743 1090 2808 tmapiues,
1113 2754 1182 2807 quae
1200 2753 1243 2792 nce
1260 2755 1279 2792 a
1296 2743 1375 2793 cotis

239 2829 427 2894 deprecentur.

308 2918 332 2964 5.
351 2917 419 2980 reip.
438 2913 607 2980 procedunt)
632 2911 723 2980 Vergl.
743 2911 802 2965 Cat.
822 2916 876 2977 32,
899 2919 915 2965 1
934 2914 1005 2979 qicocl
1021 2927 1106 2980 neque
1123 2915 1241 2966 insidiae
1259 2912 1376 2968 Contuli

238 3003 426 3069 procedebant.
464 3001 522 3051 Wie
541 3001 609 3052 oben
628 2999 663 3050 im
683 3005 764 3068 gelen
783 2997 883 3050 Siune:
903 2997 981 3051 ocia.
999 2998 1067 3051 Her.
1083 3005 1115 3064 9,
1138 3003 1194 3054 109
1211 2999 1263 3052 Illi
1278 3015 1376 3066 proce-

238 3090 391 3139 tirrenum
408 3101 537 3140 nuresura
555 3097 675 3152 tuarum,
711 3084 774 3154 Vgl.
792 3085 859 3136 euch
879 3082 940 3137 Lt'o.
959 3081 1092 3149 XXVII,
1115 3091 1166 3150 11,
1189 3087 1225 3137 14
1243 3102 1276 3138 ue
1292 3101 1376 3152 prae·

238 3177 322 3228 terito
339 3175 477 3240 stipendia
493 3175 671 3240 procellerent
690 3175 733 3224 iis.

306 3261 332 3310 a.
351 3263 522 3327 capiamini)
542 3258 610 3326 Capi
628 3259 710 3310 isters
728 3273 780 3308 von
800 3255 873 3322 dem,
893 3254 942 3306 cler
957 3255 1039 3306 durch
1054 3255 1114 3307 List
1132 3256 1272 3326 geliuscht
1289 3257 1375 3309 wiri:

241 3344 317 3396 *sich
342 3344 457 3413 fengen,
484 3345 619 3396 beriicken
643 3345 763 3397 lassoss„
801 3341 894 3411 Vergl.
919 3339 1032 3409 Bropm.
1050 3342 1082 3406 Ι,
1110 3348 1160 3406 15,
1180 3346 1220 3396 20
1242 3359 1275 3395 nc
1298 3346 1376 3396 alias

237 3435 326 3482 atium
341 3432 492 3496 principem
509 3439 699 3496 respectantes
717 3440 781 3482 ante
798 3431 957 3496 capiamini.

308 3517 418 3582 trustra
432 3516 505 3577 sint)
525 3515 600 3567 Vielc
613 3514 837 3567 Hendsehriflen:
857 3516 990 3581 immersti
999 3517 1061 3567 sint.
1087 3512 1148 3582 Vgl.
1161 3532 1192 3566 za
1206 3513 1264 3567 Cat.
1275 3519 1328 3580 21,
1346 3525 1374 3573 1Ι

239 3601 297 3652 Van
316 3599 453 3652 Personeu
477 3598 558 3651 findet
582 3599 638 3652 sich
662 3599 787 3651 indessen
807 3601 918 3666 frastra
935 3614 995 3652 esse
1013 3599 1104 3650 ausser
1123 3599 1209 3652 dieser
1227 3599 1310 3653 Stelle
1329 3603 1376 3662 hei

239 3686 342 3740 Sallust
360 3686 448 3753 nicht,
469 3687 534 3738 aber
551 3685 623 3738 wohl
642 3686 680 3737 ost
698 3686 740 3738 bei
759 3685 883 3750 Plautus,
902 3702 924 3736 z.
944 3685 975 3736 B.
994 3683 1093 3752 Amph.
1113 3683 1177 3752 111,
1197 3692 1230 3751 3,
1250 3691 1291 3740 20
1309 3684 1377 3740 rom

239 3777 268 3824 ni
286 3775 367 3826 aristo
385 3783 413 3824 et
430 3787 528 3825 sernas
549 3782 576 3824 et
594 3776 662 3824 tera
679 3773 789 3838 frustra
805 3781 884 3834 ucat,
909 3775 955 3839 qni
971 3785 1014 3823 mc
1031 3768 1259 3838 Amphitruonem
1275 3783 1376 3825 rentur

239 3848 313 3922 eese5
331 3855 420 3912 Mero.
440 3855 506 3924 111,
529 3866 560 3926 1,
580 3863 620 3912 30
636 3873 669 3909 ne
687 3868 716 3909 ta
734 3860 844 3925 frustra
863 3861 919 3922 sis,·
940 3856 1016 3925 Capi.
1037 3856 1101 3922 111,
1124 3865 1154 3922 1,
1175 3864 1232 3922 315
1252 3856 1317 3911 Mil.
1338 3858 1371 3925 V,

240 3947 289 3998 29.
316 3945 353 3994 Es
372 3944 451 3995 heiist
469 3945 496 3995 in
516 3943 605 3995 dieser
619 3942 810 4012 Verbindung:
832 3944 907 3995 “sich
927 3943 1084 4002 i'c'uschen„¹
1097 3943 1161 3995 oder
1181 3943 1256 3996 “sich
1274 3945 1371 4002 isram„

309 4031 335 4081 ’7.
353 4029 400 4082 Itn
418 4032 592 4082 attornet.
612 4059 644 4070 —
663 4031 723 4097 t‘ui)
741 4030 833 4097 vergi.
853 4031 976 4082 iberita
994 4030 1037 4096 titi
1054 4045 1085 4080 zu
1106 4029 1166 4083 Gai.
1185 4033 1237 4094 21,
1259 4037 1293 4094 1,·
1315 4031 1373 4084 llic.

241 4113 312 4166 Stra.
326 4119 354 4176 7,
372 4118 412 4167 22
429 4119 454 4167 si
471 4119 511 4168 ita
528 4130 607 4180 sunm
627 4119 663 4168 ot
675 4114 725 4180 Qu.
737 4115 775 4182 fr.
788 4115 818 4178 I,
840 4123 866 4180 1,
889 4121 925 4168 11
945 4113 1060 4168 Graecis
1077 4117 1119 4181 to,
1140 4119 1213 4182 quoa
1229 4118 1373 4170 mestissi-

241 4213 317 4250 mum
330 4209 386 4264 est,
407 4203 479 4266 quot
491 4212 555 4254 snut
567 4205 729 4269 occupatos,
750 4206 858 4254 nonita
872 4204 1000 4256 acutum
1013 4203 1104 4254 citeri
1118 4204 1193 4254 eiciet
1197 4240 1206 4267 ,
1225 4206 1375 4269 propteroa

241 4288 312 4354 qnod
328 4299 380 4352 per
397 4289 499 4352 seipsi
517 4291 558 4339 ita
575 4288 704 4353 socruum·
724 4291 786 4342 itit.
808 4286 871 4353 111,
892 4291 929 4352 2,·
949 4285 1040 4338 Madv.
1059 4287 1080 4353 ς
1101 4292 1159 4341 209.
1177 4289 1204 4339 b.
1223 4289 1254 4339 A.
1270 4293 1294 4338 2.

309 4381 439 4425 consueta
456 4374 588 4434 taicum)
624 4373 715 4442 Vergl.
736 4389 769 4423 uu
787 4373 847 4441 lap.
867 4379 920 4437 10,
942 4381 968 4426 1.

310 4464 335 4510 8.
359 4473 393 4511 eo
410 4460 499 4512 uti-
518 4459 665 4524 deseram)
688 4473 710 4509 s.
729 4473 754 4510 v.
774 4460 814 4512 uls
830 4475 865 4513 ea
882 4489 915 4502 -
932 4464 1059 4514 <usmete
1080 4475 1134 4514 non
1156 4471 1198 4514 est
1217 4462 1373 4524 connium,
