3042 5100
374 315 424 368 DE
442 315 562 370 Baubo
580 317 815 374 ruounrffluo
833 317 910 372 GAP.
929 319 1003 373 Llll.
1021 320 1089 374 LlV.
1224 327 1285 388 28³

156 489 357 571 aduentare,
381 491 480 554 ali-eii
499 493 588 575 a'pud
604 493 732 563 alteros
755 491 964 558 formidinem
983 495 1084 558 simul
1107 501 1143 559 et
1164 498 1286 560 tumul
1308 535 1333 573 ι,

155 597 226 654 tum
250 590 382 676 faeere3
414 600 448 657 et
476 597 837 681 paeneqimprudentia
866 599 1049 662 admissum
1073 596 1205 662 facinus
1228 604 1286 664 mi-

156 697 323 776 serabile,
357 701 390 760 ni
419 702 585 784 utrimque
614 704 794 784 praemissi
823 705 957 784 equites
986 721 1057 765 rem
1082 703 1285 786 exploravis-

155 804 243 862 sent.
287 800 396 884 Igitur
420 821 480 884 pro
504 809 595 866 metu
617 810 758 888 repente
781 806 943 888 gaudium
967 810 1137 886 exortum,
1161 808 1330 870 militesfi

157 901 245 965 alius
276 903 377 966 alium
405 905 488 968 laeti
511 906 700 990 appellant,
730 913 806 972 acta
833 909 977 972 edocent
1006 914 1108 992 atque
1133 907 1285 991 audiunt,
1328 985 1335 998 .

157 1023 222 1068 sua
245 1009 390 1090 quisque
414 1005 517 1072 fortia
539 1007 633 1074 faeta
656 1012 698 1074 ad
722 1013 852 1074 eoelum
875 1009 952 1074 fert.
998 1015 1124 1097 Quippe
1147 1031 1203 1076 res
1226 1015 1285 1075 hu-

156 1129 276 1172 manae
298 1113 347 1172 ita
370 1129 450 1174 sese
472 1114 614 1176 hahent:
639 1117 672 1176 in
694 1118 834 1178 victoria
856 1116 910 1179 vel
933 1119 1064 1200 ignaris
1088 1117 1227 1201 gloriari
1249 1117 1287 1178 li-

157 1218 227 1292 eet3
251 1213 416 1278 advorsae
439 1233 495 1278 res
520 1221 620 1280 etiam
644 1220 751 1282 bonos
775 1218 977 1282 detractant.

222 1317 300 1378 uir.
351 1318 510 1382 Metellus
542 1323 574 1382 in
609 1312 718 1386 isdem
749 1325 872 1386 oannis
903 1325 1082 1406 quatriduo
1120 1329 1286 1406 moratus,

62 1434 67 1446 ·
157 1423 294 1482 saucios
318 1440 393 1485 eum
411 1441 492 1484 eura
514 1425 637 1506 reiicit,
663 1429 801 1488 meritos
824 1428 857 1488 in
880 1427 1019 1508 proeliis
1037 1445 1129 1490 more
1148 1427 1287 1490 militiae

157 1523 278 1603 donat,
309 1527 487 1588 universos
517 1528 549 1587 in
577 1531 738 1591 concione
767 1529 885 1590 laudat
914 1534 1016 1612 atque
1040 1533 1112 1614 agit
1134 1534 1284 1614 gratiam

155 1627 325 1707 hortatur,
355 1623 402 1689 od
423 1633 553 1708 cetero,
585 1647 668 1712 quoe
691 1629 777 1693 levia
805 1637 902 1710 eruut,
932 1649 1047 1712 parem
1068 1632 1213 1694 uotiuum
1233 1651 1286 1716 pe·

154 1734 251 1792 runt:
280 1749 344 1810 pro
366 1731 513 1794 victorio
539 1731 630 1796 sutis
658 1732 726 1796 ium
752 1739 951 1820 quoquotum,
981 1733 1130 1820 reliquos
1154 1732 1286 1816 labores

153 1851 216 1912 pro
237 1830 367 1912 proedo
388 1829 474 1920 fore.
520 1838 643 1900 Tamen
674 1841 804 1900 interim
833 1836 1032 1923 transfugas
1060 1844 1094 1902 et
1117 1838 1204 1902 alios
1227 1859 1284 1924 op·
1309 1859 1329 1914 2

154 1942 336 2020 portunos,
368 1938 532 2024 Iugurtha
559 1942 616 2004 ubi
640 1945 791 2026 gentium
821 1947 880 2003 aut.
907 1941 989 2025 quid
1018 1945 1186 2025 agitaret,
1210 1962 1285 2004 eum

154 2043 317 2124 paucisne
341 2047 451 2123 esset,
477 2063 517 2105 an
542 2047 725 2106 exereitum
748 2047 906 2124 haberet,
930 2050 968 2106 ut
991 2063 1070 2109 sese
1094 2048 1201 2108 victus
1228 2065 1286 2129 ge-

154 2299 259 2352 freilieh
279 2299 330 2358 alle
349 2297 594 2370 Sehwieriglreiteo
613 2301 738 2371 beseitigl
757 2290 878 2352 wirdeo.
915 2301 980 2352 Man
998 2299 1068 2352 Ιιιιιιιι
1087 2300 1153 2352 aber
1170 2302 1287 2368 strepitu

154 2386 202 2438 mit
223 2388 373 2439 odoeiiare
394 2384 556 2452 verbioden,
584 2385 637 2437 und
657 2386 695 2438 als
714 2386 820 2439 Ablativ
839 2384 887 2438 der
904 2386 953 2438 Art
972 2385 1026 2438 und
1042 2385 1136 2438 Weise
1155 2385 1221 2436 oder
1239 2385 1286 2438 des

156 2471 316 2524 Umstandes
341 2473 450 2524 fasseo:
479 2469 526 2525 sie
551 2472 645 2522 konnen
673 2477 751 2548 rmier
768 2472 849 2524 Lirm
873 2471 938 2524 oder
961 2469 1080 2523 lirareod
1105 2470 1158 2522 wie
1176 2469 1286 2522 Veinde.

155 2555 426 2610 UaberdonAblui
445 2571 466 2608 s
486 2556 516 2609 Z.
536 2558 559 2625 §.
579 2561 638 2611 172.
658 2559 689 2610 A.
710 2563 767 2610 lu
787 2565 819 2626 2
843 2557 883 2610 W.
903 2557 925 2624 §.
944 2560 1001 2609 271.
1021 2557 1052 2608 A
1071 2563 1102 2624 2
1125 2557 1173 2607 Kr.
1194 2555 1286 2680 §did

156 2642 210 2695 urrd
229 2647 281 2696 397
299 2643 353 2695 und
372 2661 404 2694 zu
422 2642 482 2712 Iup
502 2648 555 2707 99,
575 2649 602 2698 3

224 2734 249 2781 8.
268 2731 413 2793 emortum)
438 2729 690 2782 Bemerkenswerth
710 2729 758 2796 ist,
779 2706 837 2782 dass
855 2728 977 2781 Priscian
995 2726 1131 2795 (XVIII,
1150 2732 1286 2797 quim)

155 2814 229 2866 dieue
249 2815 332 2868 Stella
350 2831 381 2867 so
400 2815 524 2868 anfuhrt:
548 2831 601 2883 pro
622 2825 695 2869 metu
718 2825 828 2884 repente
848 2818 978 2884 qoudium
996 2825 1132 2881 rutilatur,
1159 2831 1237 2867 wazu
1256 2832 1287 2868 er

155 2901 199 2953 die
217 2901 371 2973 Erilirung
389 2902 480 2972 giebt:
499 2913 587 2955 metus
602 2906 703 2970 quodie
720 2912 841 2956 muratus
857 2912 907 2955 est.
944 2900 1045 2953 Sallust
1062 2901 1202 2954 verbindet
1219 2902 1286 2953 auen

154 3003 189 3040 au
208 2988 283 3040 einer
300 2988 417 3041 anderen
437 2987 521 3041 Stella
538 2998 647 3042 oratura
658 2990 711 3041 'mii
728 3005 788 3056 pro.
825 2989 917 3058 Vergl.
932 2986 991 3054 luy.
1009 2992 1063 3052 83,
1083 2979 1101 3039 '1
1119 3003 1174 3040 noo
1191 2990 1287 3042 dedere

154 3076 261 3126 iruerm
284 3091 338 3142 pro
362 3077 448 3128 certis
474 3085 600 3139 murem
630 3091 660 3126 so
685 3075 751 3127 auch
776 3071 1045 3139 hio.XXV11,35
1067 3083 1140 3126 eurr.
1168 3076 1214 3125 cui
1233 3087 1287 3140 pro

154 3159 275 3214 Etruria
296 3159 448 3213 Tarentum
470 3170 644 3214 mutauerant
664 3163 851 3228 prouinciam
877 3157 1014 3222 XXXIV,
1034 3160 1074 3214 19
1095 3166 1217 3210 muratos
1233 3173 1287 3225 pro

153 3245 351 3306 Macedonibus
363 3245 506 3299 Ronmues
519 3249 654 3300 domiuus.
686 3245 762 3297 Dorh
779 3244 917 3314 libertale„
901 3244 1002 3296 wthier
1016 3242 1059 3296 die
1074 3243 1213 3300 Auloritiit
1221 3244 1288 3296 aller

155 3332 257 3397 Oudd,
279 3331 382 3384 welche
400 3332 444 3382 liu
460 3342 589 3384 emortum
607 3332 648 3384 ist.

224 3419 291 3485 Kap.
311 3417 381 3469 LlV.
418 3424 440 3469 1.
464 3433 527 3471 oum
543 3415 732 3485 eurureficir)
768 3365 1288 3486 Vergl.Liu.ffl1,42,5omuiu

153 3520 216 3558 cum
239 3519 310 3556 curu
334 3508 494 3569 reuuuriur5
517 3501 611 3570 XXV,
632 3507 686 3569 22,
708 3506 883 3570 2reliquius
905 3504 1023 3556 duorum
1039 3501 1288 3563 exercituumaeum

155 3605 227 3644 cura
244 3593 415 3658 colliyereuer
433 3589 588 3656 XXXVII,
608 3594 659 3656 18,
673 3594 692 3643 7
709 3603 771 3642 cum
787 3603 856 3642 cura
872 3601 968 3646 coorto
985 3595 1096 3660 uqmiue
1111 3591 1287 3659 procedebot5

155 3677 232 3732 (luri.
253 3672 319 3742 111,
341 3680 393 3743 12,
417 3683 455 3732 13
471 3693 533 3730 urm
550 3693 618 3731 arro
635 3681 750 3746 sepultis
767 3680 908 3732 militibus.

224 3767 285 3831 opii
302 3765 428 3832 prorius)
449 3763 563 3816 nimliolr
581 3767 718 3818 uniuersis
735 3763 800 3816 eder
817 3767 861 3817 iis.
880 3764 990 3834 Vergl.
1009 3779 1041 3815 zu
1062 3761 1121 3816 Cui.
1141 3765 1194 3828 23,
1214 3765 1242 3814 2.

222 3863 293 3918 qrme
315 3853 389 3904 leuia
412 3857 492 3916 suut)
524 3850 585 3903 ‘Der
608 3850 741 3902 indilativ
763 3850 799 3902 ist
822 3850 881 3901 hier
905 3847 1096 3914 auiialleoder,
1122 3847 1161 3900 uls
1184 3847 1211 3898 io
1234 3846 1285 3899 deo

156 3935 214 3990 Oui.
236 3938 288 4000 14,
309 3942 328 3992 7
346 3934 399 3987 und
418 3935 478 4004 [aa.
494 3941 548 4001 38,
569 3937 759 3992 9brrnerlieo
778 3935 887 4002 Fiden,
908 3935 942 3987 da
959 3934 1019 3986 hier
1036 3935 1096 3986 eine
1114 3932 1286 3987 individuelle

155 4023 267 4074 Ansieht
293 4021 341 4074 des
365 4021 556 4091 Spreehonden
581 4022 725 4092 angefiihrt
748 4019 827 4074 wird.
868 4021 997 4073 lndessen
1021 4020 1091 4072 steht
1115 4036 1144 4072 er
1166 4020 1234 4073 auch
1258 4021 1284 4073 in

156 4107 257 4160 diesem
274 4108 351 4161 Folle
369 4108 534 4173 nrauehmal,
558 4107 763 4172 insbosondere,
788 4123 831 4158 wo
851 4105 1121 4178 Substantivbegriffe
1140 4106 1284 4159 umsehrie-

157 4193 206 4244 ben
230 4192 295 4245 oder
318 4193 366 4246 der
385 4192 459 4245 Reda
479 4192 527 4244 der
545 4191 685 4244 Ansdroelt
704 4191 842 4262 grdiserer
859 4191 1054 4246 Bestlmmlheit
1072 4194 1195 4264 gegeben
1216 4209 1284 4245 wer-

156 4277 207 4330 den
226 4279 284 4330 soll.
320 4281 413 4350 Vergl.
433 4285 514 4331 unteo
533 4277 566 4329 K.
584 4282 632 4345 81,
654 4286 676 4330 1.

223 4365 451 4433 propruedos.)
485 4363 515 4416 S.
533 4381 565 4416 zo
584 4363 617 4416 K.
632 4367 677 4430 98,
695 4371 719 4415 a.

224 4457 246 4502 2.
265 4453 312 4506 uti
328 4452 468 4520 peullam)
504 4449 595 4520 Vergl.
614 4451 648 4504 Ζ.Δ
666 4450 689 4517 §.
707 4453 772 4518 ⁴³⁴5
794 4449 835 4504 W.
855 4449 877 4518 §.
894 4455 953 4503 208.
973 4449 1005 4504 A.
1024 4453 1049 4504 o.
