3042 5100
261 333 324 396 ιω
658 324 688 378 o.
707 323 888 378 suuuusrr
906 321 1025 378 errsrr

218 507 238 567 5
260 519 324 586 quo
346 497 502 565 cadeates
524 495 716 576 teuderam
739 497 776 562 iu
797 497 904 562 armis
925 497 1036 561 oraria
1057 497 1139 560 sito.
1184 499 1254 562 Sed
1277 515 1317 560 uo
1336 499 1390 560 iu-

262 606 385 690 gurtha
408 605 542 688 quidem
574 607 703 667 interea
726 605 861 686 quietus
896 608 987 684 erat3
1020 605 1214 683 circumire,
1246 603 1387 681 hortari,

260 725 424 770 renovare
453 708 620 791 proelium
652 711 685 768 et
715 709 789 790 lpse
821 725 894 767 eum
924 706 1068 768 delectis
1100 711 1232 769 tentare
1261 707 1389 767 omnia:

260 812 439 874 subvenire
462 814 553 890 suis,
577 810 732 874 hostibus
756 808 867 870 dubiis
895 811 1039 889 instare,
1074 829 1160 894 quos
1188 811 1302 872 firmos
1337 828 1392 870 oo-

261 919 446 999 guoverst,
470 917 599 976 eminus
621 912 802 998 pugnaudo
825 914 981 975 retinere.

324 1017 390 1079 LII.
435 1017 482 1080 Eo
511 1018 609 1080 modo
637 1020 725 1080 inter
747 1035 786 1078 se
810 1016 877 1078 duo
899 1019 1139 1099 imperatores,
1170 1017 1291 1078 summi
1314 1018 1390 1096 viri,

217 1120 454 1200 2=eertabaut,
485 1123 550 1204 ipsi
577 1138 697 1203 pares,
730 1123 879 1182 ceterum
902 1121 1024 1203 opibus
1059 1118 1263 1202 disparibus.
1307 1121 1391 1181 Nam

259 1223 398 1288 Metello
425 1225 533 1286 virtus
562 1224 703 1286 miiitum
733 1227 823 1303 erat,
859 1223 956 1286 loeus
985 1223 1172 1303 adversm,
1203 1222 1391 1306 iugurthae

216 1327 328 1392 italia
356 1329 467 1388 omnia
495 1331 630 1410 praeter
658 1327 782 1389 milites
810 1330 1009 1409 opportuna.
1059 1319 1214 1408 Denique
1235 1327 1390 1405 Romani,

260 1430 320 1493 ubi
340 1429 559 1515 intellegunt,
584 1447 694 1513 neque
717 1431 783 1492 sibi
800 1426 992 1514 perfugium
1011 1447 1107 1510 esse,
1132 1447 1244 1511 ueque
1266 1430 1308 1490 ab
1332 1430 1391 1491 ho-

261 1537 314 1594 sta
338 1535 467 1616 copiam
495 1533 669 1618 pugnandi
697 1533 769 1595 tieri
797 1535 858 1609 [et
879 1534 945 1594 iam
970 1533 1023 1594 die
1046 1550 1170 1613 vesper
1193 1535 1306 1614 erat),
1333 1533 1391 1595 ad-

218 1644 360 1701 dvorso
390 1636 495 1717 colle,
527 1639 628 1698 sicuti
651 1641 867 1719 praeceptum
896 1632 1025 1716 fuerat,
1055 1635 1212 1696 evadunt.
1260 1637 1391 1706 Amisso

260 1739 355 1821 loeo,
378 1739 539 1803 Numidae
563 1736 630 1801 fusi
654 1736 852 1824 fugatique,
875 1741 975 1823 pauei
997 1739 1174 1821 interiere3
1205 1738 1391 1822 plerosque

215 1832 424 1905 ivalomtas
453 1849 488 1905 et
516 1845 612 1928 regio
640 1843 795 1905 hostibus
826 1845 946 1928 ignara
972 1846 1084 1904 tutata
1114 1847 1204 1904 sunt.
1253 1843 1392 1906 Interes

258 1945 445 2025 Bomilcar,
476 1963 576 2027 quem
604 1945 792 2027 elephantis
816 1952 851 2008 et
873 1947 961 2028 parti
984 1948 1156 2028 copiarum
1179 1945 1391 2028 pedestrium

259 2044 468 2131 praefectum
493 2049 535 2109 ab
558 2047 721 2133 Iugurtha
745 2048 1034 2132 supradiximus,
1060 2050 1116 2110 ubi
1140 2067 1216 2110 euru
1239 2049 1390 2112 Rutilius

259 2155 541 2234 praetergressus
570 2156 642 2232 est,
674 2151 836 2235 paulatim
864 2170 947 2217 suos
971 2155 1002 2212 in
1027 2170 1172 2234 aequum
1196 2151 1306 2214 iocum
1331 2153 1390 2215 de-

260 2253 352 2318 ducit
378 2273 436 2335 ae,
469 2254 546 2316 dum
575 2255 714 2340 legatus
742 2255 785 2317 ad
808 2255 946 2336 flumen,
980 2274 1045 2337 quo
1068 2257 1277 2342 praemissus
1302 2261 1390 2336 erat,

259 2353 424 2420 festinans
447 2361 579 2443 pergit,
609 2362 764 2442 quietuS,
794 2361 842 2420 uti
872 2377 928 2422 res
958 2357 1171 2442 postulabat,
1203 2362 1309 2422 aciem
1333 2378 1390 2424 ex-

260 2539 461 2550 .-....—----

258 2654 312 2716 21,
334 2652 353 2702 4
378 2649 433 2702 und
459 2653 531 2714 169,
551 2652 587 2714 2,
616 2649 644 2700 iu
666 2647 791 2702 ietzterer
811 2647 897 2702 Stelie
919 2649 966 2702 ruit
987 2647 1177 2718 Widerspruoh
1199 2649 1275 2702 einer
1296 2650 1389 2702 Haud-

257 2736 360 2788 schrift.
1396 2743 1401 2752 '
1475 2731 1478 2740 '

325 2826 351 2873 5.
370 2837 404 2874 ae
422 2821 481 2889 luy.
500 2822 627 2887 quidem)
662 2819 758 2890 Eiuigo
778 2821 879 2875 codd:
900 2837 949 2876 aec
966 2822 1025 2890 laq.
1044 2824 1161 2889 quidem.
1197 2823 1270 2875 Aber
1287 2837 1336 2877 sec
1356 2852 1388 2862 -

256 2909 366 2976 quidem
383 2907 510 2960 teheineu
529 2905 571 2958 die
589 2904 716 2958 Luteiuer
734 2905 807 2958 nieht
825 2908 973 2976 gebraucht
989 2926 1021 2961 zu
1040 2908 1136 2961 haben.

324 2995 391 3063 Καρ.
412 2992 472 3046 uli.
510 3000 533 3045 1.
552 3001 601 3045 cet.
621 2995 714 3059 opidum
730 2993 906 3059 disparibus)
943 2993 971 3046 S.
990 3012 1022 3046 zu
1042 2995 1101 3049 Cot.
1122 3002 1152 3060 1,
1171 3001 1200 3052 3.

324 3085 348 3134 6.
367 3082 428 3149 die)
452 3079 536 3132 Diese
553 3077 633 3130 Forat
651 3077 733 3131 findet
750 3078 806 3130 sich
825 3078 884 3131 hier
900 3079 928 3132 iu
947 3081 1086 3134 mahreren
1104 3079 1313 3136 Huudsehriiieu
1332 3081 1387 3134 und

255 3168 290 3222 ist
308 3166 392 3220 daher
409 3165 480 3220 wohi
501 3165 541 3218 ais
560 3165 603 3218 die
621 3165 737 3218 saituere
756 3165 941 3218 vorzuzieiren.
978 3168 1070 3238 vergi.
1089 3185 1122 3220 zu
1140 3167 1200 3237 Iup.
1221 3173 1273 3234 16,
1294 3167 1387 3223 3uud

254 3273 286 3308 eu
305 3255 348 3309 ἂι
364 3267 462 3321 vesper
479 3250 735 3320 depauperatum
755 3250 814 3320 luy.
835 3257 906 3317 166,
927 3256 956 3306 2.

322 3344 444 3394 advorso
461 3339 548 3402 colla)
584 3339 643 3390 Der
659 3337 764 3390 Abiativ
788 3337 859 3390 steht
877 3337 916 3392 oft
932 3353 981 3390 aur
997 3337 1189 3410 Bezeiehnuug
1207 3340 1255 3392 des
1275 3339 1385 3406 Rurrms,

254 3428 323 3480 iiber
334 3422 456 3480 walchen
471 3425 527 3478 sieir
542 3424 602 3477 eine
615 3423 778 3494 Baweguog
792 3425 931 3478 erstreeit.
965 3423 1003 3476 So
1017 3423 1060 3476 bei
1073 3428 1189 3478 madere
1202 3423 1266 3479 bio.
1276 3424 1384 3489 XXVI,

255 3519 295 3568 65
312 3522 385 3565 eutr.
404 3513 495 3564 medio
512 3519 610 3578 sturno
626 3511 742 3563 eoadem
758 3513 796 3564 ad
812 3515 939 3574 motam
965 3508 1052 3579 vergi.
1077 3510 1228 3563 sussardeur
1246 3510 1288 3575 Χ,
1307 3516 1328 3564 1
1344 3516 1382 3564 ta.

254 3600 345 3652 nuato
364 3601 428 3651 aiau
445 3595 613 3652 Hadriatico
635 3600 726 3650 ventis
746 3600 837 3664 trottae,⁸
860 3595 972 3662 XXVI,
994 3603 1031 3649 11
1048 3607 1120 3650 extr.
1139 3596 1252 3652 Aliensi
1268 3611 1337 3666 apro
1354 3601 1385 3652 itt

255 3682 371 3738 Marsos
389 3685 505 3736 ventsse.

321 3771 483 3838 dignare)
519 3766 549 3820 S.
568 3768 637 3821 oben
656 3782 690 3820 au
709 3774 754 3835 ts,
774 3771 800 3823 t.

322 3865 413 3910 tutata
430 3859 511 3922 aaut)
530 3853 559 3906 S.
579 3869 612 3906 aa
632 3853 693 3910 Cat.
708 3859 741 3920 ⁵,
762 3858 780 3907 7
800 3854 865 3906 iiber
882 3852 931 3906 das
945 3853 1075 3907 Neutrum
1094 3852 1143 3908 dos
1155 3854 1299 3908 Pridikats
1314 3855 1382 3910 neci

186 3939 187 3942 ’
253 3941 393 3996 mehreren
412 3939 604 3995 Substurrtiveu
621 3955 682 4008 pert·
700 3941 764 4008 fem.

321 4033 346 4082 5.
365 4032 406 4083 uti
421 4043 468 4082 res
483 4029 656 4096 postulabat)
675 4026 758 4078 Diese
773 4025 866 4079 Worte
885 4026 972 4096 gehen
991 4028 1041 4079 aui
1055 4025 1104 4079 dus
1122 4026 1276 4098 Foigeudez
1295 4030 1384 4082 mem

251 4125 379 4169 exorrtut.
416 4114 588 4182 Ueberhaupt
609 4112 670 4165 siud
694 4112 737 4164 dia
763 4113 999 4182 eingeeohobeueu
1022 4113 1145 4166 Formelu
1171 4114 1218 4167 ruit
1241 4113 1294 4166 deu
1316 4114 1382 4167 Aus-

252 4200 372 4254 driieireu
393 4214 440 4253 res
460 4203 583 4268 parturiat
605 4199 670 4251 oder
690 4196 920 4266 promittendam
940 4199 1102 4271 Herrptsutze
1120 4216 1153 4252 au
1171 4201 1309 4270 ergiueeu
1328 4197 1382 4252 trud

254 4285 348 4338 steheu
372 4284 467 4352 daher,
493 4301 572 4338 weuu
590 4285 630 4338 sie
648 4284 721 4336 nieht
738 4283 820 4336 durch
840 4284 883 4336 eiu
902 4283 1049 4339 Roiativum
1075 4285 1122 4338 mit
1145 4285 1300 4338 demseibeu
1324 4300 1382 4337 rer-

251 4370 357 4426 buudeu
376 4369 436 4422 siud
455 4371 553 4440 (vergi.
573 4369 632 4439 Iup.
646 4375 699 4436 66,
722 4371 767 4436 1),
787 4370 856 4422 oirue
873 4370 1047 4442 beigaiiigtae
1066 4371 1171 4438 Oblekt.
1208 4371 1301 4440 vergi.
1320 4370 1380 4437 Iup.

252 4462 306 4522 12,
325 4461 433 4524 6,·65,
455 4460 488 4521 6,·
507 4461 559 4521 70,
580 4461 689 4522 3585,
710 4459 759 4510 29.
