3042 5100
202 373 265 432 228
575 359 603 415 C.
623 357 802 414 SALLUST!
820 356 939 412 oursel

202 545 303 604 ritule
328 544 415 623 quie
439 533 641 621 deliquisset
662 538 790 597 munita
813 531 886 596 iore
910 536 1085 618 sperabat3
1110 537 1141 597 in
1167 537 1243 618 quis
1266 532 1331 597 fuit

203 649 368 724 Scaurus,
401 646 497 734 euius
531 643 572 704 de
596 645 716 702 natura
739 645 773 700 et
794 639 910 700 habitu
934 659 1036 722 supra
1061 643 1330 702 memoravimus.

103 750 322 854 >45Nam
314 767 345 809 rn
371 725 517 807 Consule
546 751 661 806 nostro
690 743 816 810 multae
845 743 1021 825 bonaeque
1051 749 1142 804 artes
1174 745 1272 804 animi
1296 748 1332 806 et

204 854 354 934 eorporis
379 856 490 930 erant,
515 867 602 931 quas
626 849 732 908 omnis
757 848 897 909 avaritia
914 847 1174 930 praepediebat3
1198 850 1333 929 patiens

203 955 372 1035 laborum,
403 955 471 1014 aeri
494 953 647 1036 ingenio,
678 954 763 1012 satis
787 951 981 1033 providens,
1012 950 1093 1013 belli
1122 949 1247 1012 haud
1238 968 1332 1034 rgna-

160 1075 280 1137 arus,
312 1058 535 1118 firmissumus
565 1059 683 1116 eontra
705 1054 856 1136 pericula
879 1059 914 1115 et
936 1055 1088 1116 insidias.
1135 1053 1202 1115 Sed
1226 1051 1333 1137 legio-

204 1179 264 1222 nes
293 1177 353 1242 per
375 1159 505 1220 ltaliam
528 1159 695 1242 Rhegium
724 1163 827 1240 atque
857 1158 934 1219 inde
963 1157 1127 1236 Siciliam,
1161 1175 1260 1240 porro
1292 1175 1335 1218 en

161 1263 319 1343 qsieiliu
350 1265 382 1323 in
410 1259 552 1325 Africam
582 1266 806 1327 transvectae.
857 1260 965 1345 igitur
994 1261 1195 1342 Calpurnius
1226 1263 1333 1338 initio,

203 1369 331 1450 paratis
349 1366 609 1446 commeatum,
634 1367 755 1426 aeriter
769 1363 955 1425 Numidiam
973 1365 1152 1447 ingressus
1175 1369 1230 1425 est
1252 1363 1335 1426 mul-

203 1477 326 1552 tosque
350 1469 500 1531 mortalis
525 1472 559 1530 et
581 1468 675 1530 urbis
699 1468 829 1550 aliquot
851 1468 1033 1551 pugnando
1058 1470 1157 1549 cepit.

268 1555 401 1634 xxix)
420 1572 487 1635 Sed
516 1565 573 1633 ubi
596 1571 760 1656 Iugurtha
787 1589 847 1654 per
876 1571 1011 1655 legatos
1035 1573 1180 1654 pecunia
1203 1575 1335 1633 tentare

204 1676 371 1759 bellique,
397 1677 486 1759 quod
511 1676 782 1754 administrabat,
808 1677 1027 1758 asperitatem
1052 1674 1235 1736 ostendere
1259 1692 1335 1734 eoe-

161 1831 181 1888 2
204 1783 270 1862 pit,
295 1782 425 1841 animus
451 1797 555 1864 aeger
579 1780 719 1842 avaritia
742 1775 843 1840 facile
867 1797 1051 1841 convorsus
1075 1783 1138 1841 est.
1180 1776 1335 1841 Ceterum

273 2090 402 2152 munito)
430 2086 459 2140 S.
478 2103 510 2138 zu
529 2085 588 2154 luy.
608 2089 661 2152 du,
683 2091 710 2140 6.

272 2177 306 2228 de
323 2185 430 2228 notura
446 2183 473 2226 et
489 2175 604 2236 halitu)
640 2170 732 2238 Vergl.
758 2169 818 2224 Cot.
837 2178 893 2237 53,
914 2177 934 2227 9
956 2175 1020 2240 quin
1040 2176 1183 2242 utriusque
1205 2183 1337 2228 naturum

202 2271 229 2314 et
245 2276 342 2314 rnones
358 2265 500 2328 operirem
507 2276 519 2325 ,·
539 2264 593 2323 58,
613 2261 633 2311 2
651 2258 760 2324 Quanto
776 2263 906 2325 utiusque
923 2263 1017 2312 animo
1034 2263 1153 2313 urrdnciu
1170 2270 1271 2312 unuaern
1288 2269 1337 2312 aut

203 2351 328 2401 moribus
345 2351 416 2400 inest
432 2357 481 2400 etc.
489 2363 501 2411 ,·
521 2343 581 2414 lory.
595 2350 649 2410 95,
669 2349 689 2397 2
706 2348 796 2398 uisum
812 2355 867 2408 est,
886 2349 919 2398 de
935 2356 1037 2398 nutura
1054 2350 1179 2413 oriturque
1195 2350 1252 2399 ειίιι
1268 2361 1336 2413 nnu-

203 2439 245 2488 er's
262 2437 363 2488 dicere.
399 2433 428 2486 In
447 2433 537 2484 diesen
557 2430 767 2501 Verbindungen
786 2431 820 2483 ist
838 2431 920 2483 durelr
939 2442 1040 2485 norrun
1058 2431 1107 2484 dos
1125 2434 1280 2503 ungeborne
1299 2433 1337 2483 in·

201 2517 269 2573 ‘nere
287 2521 400 2585 Wesen,
428 2519 509 2571 durch
532 2517 576 2568 die
594 2516 710 2570 anderen
730 2515 887 2570 Ausdriicke
906 2517 969 2591 das,
993 2535 1051 2571 was
1068 2518 1151 2571 durch
1171 2519 1263 2571 Leben
1278 2516 1336 2570 ¹und

203 2605 323 2674 Bildung
341 2604 579 2673 hinzugelrommen
598 2603 646 2669 ist,
670 2604 834 2656 bezeichnel.
871 2604 962 2673 Vergl.
988 2607 1054 2657 inber
1071 2607 1180 2658 nuditus
1198 2606 1336 2658 insbeson·

206 2691 270 2743 dere
290 2690 345 2743 Cic.
365 2689 427 2743 Ιιιυ.
440 2694 489 2753 25,
507 2696 546 2744 33
564 2704 633 2756 natue
650 2705 669 2742 o
685 2699 788 2743 notura
805 2692 871 2743 druto
889 2693 983 2744 animo
999 2701 1026 2743 et
1043 2695 1167 2759 corpori,
1189 2696 1219 2745 in
1234 2701 1336 2744 uotum

205 2779 408 2829 considerando
425 2785 503 2839 snm,-
520 2789 586 2828 nom
604 2790 672 2842 quus
689 2778 827 2829 industrio
844 2787 1050 2844 comparantur,
1070 2781 1108 2831 ud
1118 2781 1240 2831 traditum
1250 2781 1336 2846 yrmi-

204 2872 284 2928 nent;
305 2861 399 2915 ebend.
418 2861 440 2928 §.
458 2863 501 2914 39.
537 2862 629 2915 U'ebsr
646 2875 801 2914 memorare
817 2863 851 2915 de
868 2878 890 2914 s.
909 2880 941 2914 zu
962 2862 1020 2917 Gur.
1039 2867 1072 2930 3,
1093 2869 1120 2917 2.

268 2953 296 3000 5.
317 2945 429 3001 Nomio
440 2946 573 3013 consede)
593 2947 650 2999 Der
660 2947 726 2999 Sion
745 2947 789 3015 ist,
809 2948 863 3000 wie
879 2948 978 3002 Nissen
992 2949 1092 3020 riehtig
1106 2949 1240 3004 bemerlrt:
1261 2947 1336 3004 Num

204 3049 273 3103 maon
290 3038 320 3088 in
335 3033 451 3089 Consule
467 3047 566 3090 nostro
583 3039 685 3088 multoe
702 3037 837 3102 bonaeque
851 3045 928 3088 omes
939 3065 973 3077 -
984 3047 1078 3103 mont,
1097 3053 1146 3090 eus
1163 3042 1253 3090 nuruis
1270 3053 1336 3091 urtu-

203 3126 274 3176 rs’tio
289 3125 484 3190 praepedietur
501 3120 581 3174 oder:
599 3135 666 3174 uum
682 3125 734 3174 etsi
750 3126 779 3175 iu
795 3120 910 3175 Consule
925 3153 954 3162 —
971 3133 1060 3190 eruut,
1080 3127 1171 3178 omnis
1184 3133 1334 3178 eunreuetc.

206 3208 299 3260 “siber
316 3206 417 3260 Sallust
439 3208 499 3275 hat,
521 3213 568 3260 'um
586 3208 635 3261 ¹die
655 3209 864 3278 lligensehallen
889 3207 936 3260 des
960 3207 1075 3262 Consule
1097 3210 1172 3262 mehr
1194 3211 1335 3262 herrornn·

203 3293 304 3360 haben,
324 3292 374 3345 den
394 3293 626 3364 Hauptgedsnlen
646 3295 672 3348 in
692 3295 769 3348 einen
788 3295 941 3348 Nebensatz
961 3297 1093 3366 gemelli...

273 3394 296 3430 c.
317 3383 441 3446 uenando
457 3392 485 3434 et
500 3382 641 3445 insidias)
673 3380 701 3434 S.
719 3397 752 3433 zu
772 3380 831 3435 Cat.
851 3384 884 3448 2,
911 3385 930 3436 3
948 3383 1015 3434 iiber
1032 3382 1075 3435 die
1093 3381 1270 3450 Verbindung
1287 3380 1336 3434 des

203 3463 413 3532 allgemsiueren
432 3465 485 3517 und
504 3467 677 3533 speeielleren
695 3465 822 3537 Begriffs.
858 3467 951 3537 Vergl.
970 3470 1036 3521 auelr
1057 3469 1113 3524 eu.
1136 3467 1214 3522 Sest.
1233 3467 1256 3535 §.
1279 3463 1336 3522 199

201 3553 357 3617 periculum
371 3561 424 3604 out
439 3553 574 3618 insidiam
596 3550 690 3606 Fusco.
711 3561 727 3606 1
744 3557 897 3622 periurium
913 3559 1144 3622 mutatoriorum
1163 3553 1232 3609 uun.
1254 3553 1333 3608 Post.

204 3642 223 3691 9
242 3640 271 3689 in
288 3639 420 3691 inanimis
436 3641 566 3706 uniendis
582 3642 751 3706 insidiisque.

272 3725 298 3776 (i.
323 3721 482 3792 Rheyium)
503 3726 525 3792 j.
545 3725 651 3794 Reggio
671 3725 697 3776 in
716 3725 871 3778 llalubrien.

273 3809 426 3875 Siciliam)
459 3811 495 3863 So
521 3810 569 3863 mit
585 3811 771 3880 Weglassuug
793 3811 842 3864 der
859 3812 1027 3882 Priposition
1049 3812 1093 3866 die
1116 3815 1226 3866 meisten
1248 3813 1332 3868 codd.

202 3895 296 3966 Vergl.
314 3898 345 3950 Z.
364 3898 421 3964 §.³
404 3897 506 3952 938Α.
525 3903 556 3966 1;
575 3895 638 3949 sou.
657 3913 682 3966 p.
702 3902 752 3951 158
771 3915 796 3951 ιι.
816 3903 881 3968 459·
900 3899 941 3953 W.
961 3900 983 3967 §.
1003 3906 1061 3952 981.

271 3984 466 4048 mansuevisse)
492 3983 559 4036 Hier
577 3983 684 4036 findet
676 3999 702 4037 m
721 3999 751 4036 so
769 3985 829 4037 iern
848 3985 890 4039 ein
904 3985 1028 4056 Zeugma
1046 3992 1122 4054 stati,
1143 3985 1183 4038 als
1201 3982 1250 4038 das
1268 3985 1333 4038 Ver·

202 4067 264 4118 bum
283 4068 375 4122 blois
375 4085 409 4122 ιιι
432 4069 559 4124 Siciliam
583 4070 637 4124 und
660 4075 688 4124 iu
706 4069 832 4140 Africum
849 4072 933 4142 passi,
961 4071 1034 4126 nielrt
1057 4075 1121 4126 aber
1139 4087 1171 4125 nu
1189 4071 1332 4142 sueorum.

202 4152 295 4224 Vergl.
315 4156 383 4208 oben
402 4156 469 4224 Kap.
490 4161 535 4225 14,
555 4161 580 4212 9

271 4240 338 4311 Kap.
363 4240 465 4296 XXlX.
497 4250 521 4296 1.
548 4245 619 4312 qrtod
639 4245 872 4310 administrator)
899 4245 1013 4298 ndmlieh
1038 4243 1206 4314 Gslpnmius.
1247 4246 1277 4299 S.
1300 4259 1333 4298 zu

203 4323 262 4380 ssat.
280 4328 335 4392 54,
356 4333 383 4382 5.

270 4427 354 4482 neuen
370 4416 516 4478 sturmo)
545 4415 638 4469 Korde
658 4418 732 4472 ‘zieln
749 4421 873 4472 uooritin
890 4433 921 4470 nn
939 4431 1089 4471 convorsus
1106 4413 1163 4482 es‘t,
1181 4433 1242 4471 wus
1260 4418 1334 4470 nieht

201 4498 318 4569 passend
332 4500 380 4569 ist,
399 4500 462 4553 weil
476 4498 536 4553 dem
552 4501 713 4572 Calpurnius
732 4505 775 4560 bei
792 4504 844 4558 deu
863 4505 949 4558 vielen
967 4502 1100 4556 iduliolreu
1111 4501 1331 4574 Eigensslmllen,

678 4918 933 5060 -.
