2998 5096
237 341 300 400 ⁴26
526 328 661 384 orituro
680 328 711 382 G.
730 327 874 382 CO'H'AE
892 325 1077 382 CONSULIS

238 511 392 587 exercui,
424 504 651 569 avidissumus
683 506 833 587 privatae
863 504 994 586 gratiae
1024 519 1198 566 maxumas
1227 503 1370 566 inimici-

237 615 304 674 tius
333 629 393 694 pro
420 609 596 692 republica
623 609 779 690 suscepi3
818 609 894 690 quis
921 599 1031 668 victus
1062 625 1137 668 cum
1165 605 1226 668 illa
1252 606 1369 685 simul,

239 733 339 798 quum
363 729 470 797 egens
500 711 633 774 alienae
662 713 736 793 opis
765 710 864 792 plura
891 708 980 772 mala
1008 711 1262 791 exspectarem,
1291 727 1369 788 vos,

238 819 399 897 Quirites,
430 833 549 878 rursus
579 815 657 876 milri
690 815 831 896 putrium
864 813 1015 895 deosque
1048 813 1182 894 ponetis
1215 831 1291 874 cum
1320 814 1370 874 in-

196 921 332 1005 dgeuti
363 920 528 1004 dignitate
559 917 712 980 dedistis.
763 917 825 978 Pro
849 917 972 998 quibus
1002 913 1174 977 benefieiis
1203 916 1256 976 vix
1278 917 1370 977 satis

239 1028 358 1108 gratus
387 1022 520 1101 videar,
551 1022 581 1082 si
609 1018 755 1106 singulis
783 1021 941 1098 unimam,
974 1036 1074 1100 quarn
1103 1033 1257 1099 nequeo,
1291 1037 1371 1080 oon·

239 1127 411 1188 cesserim.
456 1126 537 1186 Nam
565 1125 636 1185 vita
657 1127 692 1184 et
714 1140 803 1184 mors
826 1125 901 1184 iura
928 1126 1070 1184 naturae
1093 1124 1189 1184 snut:
1223 1125 1260 1182 ut
1293 1124 1371 1184 slne

240 1229 408 1294 dedecore
432 1246 505 1290 cum
529 1227 674 1306 civibus,
703 1221 793 1289 fama
822 1230 856 1286 et
883 1222 1026 1288 fortunis
1050 1229 1184 1314 integer
1206 1249 1311 1316 agas,
1335 1233 1372 1294 id

196 1333 326 1396 ddouo
355 1331 453 1393 datur
481 1334 583 1412 atque
611 1331 783 1411 accipitur.
830 1328 995 1391 Consules
1022 1349 1084 1392 nos
1108 1329 1261 1414 fecistis,
1294 1338 1372 1411 Qni-

239 1438 341 1516 rites,
379 1433 467 1496 dorni
499 1432 648 1516 bellique
682 1430 950 1514 impeditissuma
979 1435 1164 1516 republica.
1217 1438 1372 1522 lla-que

239 1541 459 1622 imperatores
477 1537 659 1619 Hispaniae
678 1534 898 1617 stipendium,
923 1535 1063 1616 milites,
1087 1556 1198 1619 anno,
1221 1536 1373 1604 trumen-

240 1647 309 1704 tum
333 1644 494 1723 poscunt,
525 1643 559 1700 et
586 1638 620 1700 id
646 1655 704 1700 res
732 1640 841 1722 cogit,
867 1640 1023 1721 quoniam
1047 1637 1237 1705 defectione
1261 1647 1368 1706 socio·

239 1763 312 1806 rum
337 1748 371 1805 et
389 1744 517 1805 Sertori
541 1759 601 1826 per
623 1743 745 1803 montis
770 1737 856 1826 fuga
879 1759 989 1824 neque
1012 1762 1111 1806 manu
1135 1750 1266 1809 certare
1291 1766 1372 1831 pos-

196 1850 319 1910 isunt
342 1865 452 1928 neque
476 1845 572 1908 utilia
596 1863 727 1928 parare.
761 1845 936 1908 Exercitus
960 1846 991 1906 in
1016 1849 1094 1910 Asia
1118 1848 1304 1934 ciliciaque
1327 1853 1372 1913 ob

240 1981 444 1996 *ἡ

309 2053 495 2104 audolecum
512 2051 585 2116 priv.
602 2049 665 2116 pr.)
702 2048 763 2118 vgt.
783 2065 814 2101 au
834 2048 894 2116 Iup.
914 2051 967 2115 63,
989 2057 1006 2104 1
1025 2050 1077 2104 uod
1095 2069 1126 2105 au
1145 2053 1206 2122 Iup.
1224 2059 1278 2117 33,
1298 2058 1327 2107 2.

308 2140 398 2190 uictus
415 2149 476 2188 cum
494 2137 563 2201 illo)
582 2133 622 2184 uls
637 2132 751 2185 niimlich
768 2134 810 2185 die
826 2134 917 2186 Partei
932 2133 979 2186 des
994 2135 1083 2203 Sulla,
1102 2137 1150 2190 der
1163 2139 1240 2191 Cotta
1257 2139 1371 2210 anlring,

239 2227 323 2295 erlog.
360 2221 437 2275 Cotta
454 2220 526 2274 stelit
544 2219 602 2272 teia
622 2219 679 2272 Exit
699 2219 739 2272 als
757 2220 817 2272 eine
835 2220 922 2291 Fulge
940 2221 1028 2274 seiaer
1045 2223 1240 2295 Bemiilruugeu
1259 2225 1304 2278 sur
1322 2225 1367 2279 die

239 2313 348 2364 beurere
366 2307 454 2360 Sache
472 2306 529 2358 dar.

307 2401 332 2450 5.
351 2397 376 2448 si
394 2422 426 2432 -
443 2395 643 2458 concesserim)
672 2389 804 2446 daturam
819 2395 967 2446 concedere
983 2395 1068 2446 clines·
1085 2393 1178 2448 Eiuem
1197 2395 1256 2447 sein
1277 2393 1374 2448 leben

239 2483 372 2547 abireteo,
399 2479 423 2530 d.
444 2477 468 2530 h.
489 2493 518 2529 es
538 2477 686 2546 diogenen,
712 2477 794 2531 damn
818 2477 865 2532 dus
884 2479 976 2532 Leben
1000 2478 1191 2534 decantores
1216 2481 1375 2550 verlingert

238 2567 341 2620 werde.

308 2652 384 2706 Nam
403 2681 433 2692 -
454 2653 518 2704 utro
535 2659 654 2704 acturos
670 2655 755 2718 nort)
779 2649 805 2702 d.
828 2651 854 2702 h.
879 2651 995 2704 duriiber
1017 2649 1063 2702 hat
1085 2650 1158 2704 nicht
1179 2651 1229 2705 dor
1246 2652 1375 2720 Muneris,

239 2739 356 2790 sondern
374 2737 417 2789 dic
436 2737 524 2789 Natur
542 2753 574 2787 an
594 2736 734 2805 verl'dgen.
770 2734 844 2789 Nam
863 2736 968 2789 bezieht
985 2736 1041 2788 sich
1061 2737 1110 2788 unt
1123 2751 1206 2804 quam
1224 2753 1337 2805 eteuueo.

306 2825 332 2876 d.
353 2827 416 2889 imp.
434 2820 609 2888 Hispaniae)
644 2822 769 2874 Metellus
788 2821 841 2874 und
859 2822 1010 2892 Pompeius.
1404 2867 1410 2874 .

308 2911 338 2962 id
354 2922 401 2961 res
417 2910 506 2976 copie)
541 2907 601 2960 Wie
621 2907 768 2976 tiberhaupt
786 2908 829 2961 liei
854 2906 947 2970 Vertis
965 2908 1032 2960 oller
1049 2910 1098 2961 Art
1117 2909 1221 2962 Neutra
1239 2909 1288 2963 der
1306 2911 1375 2964 Pro-

239 2995 363 3048 nomlneu
383 2993 418 3046 inu
436 2991 585 3046 Aklusetlv
602 2992 696 3044 stetten
716 2993 822 3046 ldnnea
841 2993 945 3062 (vergi.
965 2993 995 3044 Z.
1020 2991 1044 3059 §.
1063 2997 1141 3060 ³85),
1167 3011 1198 3047 so
1214 2996 1286 3049 stelit
1304 2998 1374 3050 auch

239 3082 282 3134 bei
301 3095 398 3150 cepere
416 3079 459 3131 ein
477 3080 630 3132 Pronomen
648 3089 735 3132 neutr.
752 3095 830 3147 peu,
858 3096 900 3130 ιιιιι
923 3078 974 3131 den
995 3079 1170 3148 Gcgenstand
1193 3082 1374 3152 unauceigen,

239 3184 317 3220 wora
330 3165 545 3235 litwaszwiagt.
564 3164 627 3234 Vgl.
647 3163 710 3218 rer.
731 3163 849 3218 Plorat.
868 3164 915 3231 11,
938 3170 970 3229 1,
988 3171 1009 3220 8
1031 3169 1150 3220 etiornne
1168 3169 1198 3220 id
1214 3171 1262 3221 lec
1278 3171 1375 3236 cupit?

239 3253 293 3308 Cic.
311 3251 384 3306 aaa
400 3262 473 3320 port.
493 3258 521 3315 7,
541 3256 579 3306 17
597 3259 627 3304 tu
643 3254 716 3306 istud
733 3254 854 3318 paritet&
872 3266 923 3318 epo
940 3254 991 3304 doc
1007 3266 1110 3319 copon·
1131 3251 1190 3306 hio.
1211 3251 1230 3304 1
1235 3252 1270 3316 V,
1290 3257 1331 3307 26
1347 3259 1378 3308 et
1479 3311 1480 3324 χ

238 3343 345 3407 quidem
362 3342 425 3405 copi
441 3340 545 3404 aliquid
561 3352 614 3404 pro
627 3347 762 3404 potestate
778 3339 813 3390 od
827 3335 949 3390 Tritone
959 3336 1090 3390 Consentes
1106 3349 1236 3405 porcean
1255 3336 1374 3402 XXIII,
1479 3405 1480 3408 Ἴ

241 3432 279 3480 10
302 3438 385 3492 murm
405 3433 517 3490 sepone
539 3426 597 3490 leue
619 3425 742 3491 foederis
765 3427 795 3477 to
814 3425 875 3492 copi
895 3438 985 3491 posce.
1021 3423 1094 3478 Eion
1113 3441 1143 3478 so
1162 3424 1204 3478 bei
1223 3424 1276 3478 deu
1295 3425 1377 3478 Grie·

239 3511 307 3564 chen
325 3505 491 3576 ἀναγκάζειν
508 3507 568 3564 τινά
586 3527 618 3562 rt.
653 3508 681 3561 S.
701 3509 797 3562 Matio.
817 3508 841 3575 §.
860 3513 921 3564 cru.

308 3594 384 3650 Sert.
401 3611 453 3664 per·
469 3610 504 3648 or.
523 3595 608 3662 suco)
645 3595 721 3647 Nacti
745 3595 805 3648 dem
828 3595 854 3646 ia
879 3594 927 3646 der
950 3611 993 3662 ep.
1013 3593 1113 3664 Porup.
1134 3596 1157 3663 §.
1177 3603 1197 3652 6
1214 3598 1374 3652 erwiitrnten

239 3683 348 3738 Treffea
367 3699 408 3736 ana
427 3683 510 3735 Turia
528 3681 600 3735 hatte
616 3681 752 3733 Sertorius
771 3682 822 3733 den
841 3681 963 3752 grdluten
978 3681 1055 3734 Theil
1070 3682 1160 3734 seiner
1176 3684 1302 3752 'l'rnppeu
1319 3690 1377 3736 ent-

239 3771 348 3837 lussen,
368 3769 416 3820 mit
432 3767 483 3822 den
503 3766 620 3820 cruderes
640 3769 705 3820 aber
723 3767 780 3820 sich
799 3767 951 3821 nordwtirts
969 3765 1099 3838 gewand‘t
1118 3768 1169 3821 und
1189 3770 1256 3822 nach
1277 3769 1376 3822 Cluuia

239 3859 273 3908 im
293 3855 386 3909 Laude
404 3854 452 3907 der
470 3853 584 3907 Arevaci
608 3854 758 3923 gesuorfen.
796 3852 873 3906 Dicis
896 3852 965 3906 wird
989 3853 1047 3908 hier
1070 3853 1110 3908 als
1128 3855 1224 3910 Fluclrt
1243 3857 1311 3908 iiber
1330 3855 1375 3908 die

239 3944 330 4013 Berge
349 3941 512 3996 bezeichuet.

308 4044 393 4096 nepae
416 4043 500 4082 mean
521 4044 544 4080 c.
569 4040 643 4094 prora.
665 4041 749 4094 repere
770 4029 850 4081 utilio
866 4027 910 4094 p.)
947 4027 997 4080 Eia
1018 4026 1171 4082 Chiasrons:
1197 4026 1268 4082 mun
1291 4033 1378 4084 aetitia

238 4128 342 4181 parcre
364 4131 419 4168 ooo
440 4130 522 4182 posse
545 4114 610 4183 geht
633 4114 683 4168 aut
703 4115 823 4180 detectio
846 4116 983 4166 mierum
1006 4113 1059 4166 und
1084 4129 1168 4169 moue
1187 4124 1296 4168 certare
1320 4132 1378 4170 eoru

238 4213 321 4266 posce
336 4199 387 4251 aui
401 4199 512 4254 Sertori
527 4216 579 4268 per
595 4201 696 4253 nemetis
713 4201 789 4268 ἴημα.
826 4200 888 4269 Vgl.
907 4217 940 4252 zn
960 4199 1019 4254 Oct.
1033 4203 1069 4256 14
1075 4208 1118 4266 ,3
1136 4199 1188 4254 und
1208 4201 1275 4252 tiber
1293 4206 1378 4256 utilia

239 4299 344 4353 parcre
363 4282 422 4351 lup.
441 4290 496 4349 86,
516 4294 533 4340 1
556 4297 722 4352 contarenus,
748 4287 897 4355 stipendio,
926 4291 1016 4342 ornus
1032 4291 1147 4356 udtsqne
1164 4291 1277 4342 aculione
1293 4293 1378 4344 acris

241 4382 346 4428 atterat.

309 4465 333 4514 7.
352 4455 440 4525 Aetas)
459 4455 484 4510 d.
503 4457 528 4512 lr.
548 4459 575 4511 in
594 4458 642 4514 der
659 4460 808 4536 rimiselreu
826 4459 942 4515 Provida
960 4460 1051 4514 Anien.
