3022 5100
238 337 302 397 tls
368 401 370 407 ,
637 327 669 383 o.
688 325 870 382 sunuusrt
888 325 1006 381 causer

195 508 287 568 arei
317 508 414 588 copia
444 508 529 567 satis
558 504 772 588 providenter
802 508 959 566 exornat:
997 522 1104 586 pecus
1134 523 1249 584 omne,
1282 505 1375 586 quod

239 611 472 692 superioribus
502 609 621 672 diebus
651 608 798 690 praedae
830 604 957 686 fuerat,
987 609 1158 690 equitibus
1184 607 1373 670 auxiliariis

238 713 406 797 agendum
435 713 605 790 attribuit,
639 715 674 773 Α.
704 711 862 772 Manlium
892 711 1041 792 legatum
1072 730 1146 772 curn
1175 711 1374 774 cohortibus

238 816 404 898 expeditis
433 816 475 878 ad
505 807 662 898 oppidum
692 815 805 893 Laris,
838 815 895 876 ubi
918 814 1123 896 stipendium
1147 820 1182 876 et
1205 833 1373 876 commea·

237 924 307 980 turn
330 919 517 998 locaverat,
543 921 591 979 ire
615 919 707 979 iubet
731 918 898 1000 dicitque,
931 935 968 978 se
992 917 1269 999 praedabundum
1293 923 1375 999 post

143 1047 145 1051 ·
196 1024 215 1082 3
238 1041 366 1106 paucos
391 1023 464 1084 dies
489 1022 606 1084 eodem
628 1027 815 1084 venturum.
861 1023 916 1082 Sic
939 1023 1071 1102 incepto
1096 1040 1159 1084 suo
1184 1020 1372 1101 occultato,

237 1129 350 1210 pergit
374 1126 416 1187 ad
439 1125 560 1186 flumen
586 1126 721 1186 Tanain.

303 1228 383 1290 XCI.
431 1229 587 1291 Ceterum
619 1232 650 1290 in
681 1231 798 1292 itinere
831 1228 954 1290 cotidie
981 1245 1086 1309 pecus
1115 1230 1278 1290 exercitui
1312 1243 1374 1309 per

238 1335 424 1412 centuriae,
455 1329 535 1394 'itern
558 1339 686 1394 turmas
711 1331 899 1414 aequaliter
923 1331 1160 1409 distribuerat,
1192 1335 1226 1392 et
1250 1349 1292 1392 ex
1316 1349 1373 1390 co-

234 1438 295 1497 riis
319 1443 413 1497 utres
439 1439 485 1497 uti
509 1437 643 1515 fierent,
669 1437 828 1517 curabat3
862 1435 962 1498 simul
985 1439 1020 1496 ct
1042 1437 1187 1517 inopiam
1211 1430 1373 1496 frumenti

236 1538 364 1619 lenire,
389 1543 424 1602 et
447 1542 575 1624 ignaris
599 1540 752 1601 omnibus
776 1557 914 1623 parare,
940 1557 1028 1622 quae
1052 1557 1127 1600 mox
1150 1539 1227 1600 usui
1246 1533 1371 1600 forent.

234 1643 388 1725 Denique
413 1649 509 1704 sexto
530 1643 601 1724 die,
627 1663 728 1726 quurn
751 1643 792 1704 ad
811 1643 935 1704 flumen
959 1646 1094 1704 venturu
1119 1647 1189 1720 ert,
1214 1659 1373 1702 maxuma

236 1883 289 1934 wic
308 1881 357 1932 der
374 1881 483 1948 Aniang
502 1887 635 1934 erwarten
655 1881 728 1947 licis,
749 1882 782 1932 irn
802 1881 988 1949 Aligerneincn
1006 1899 1038 1935 au
1058 1897 1158 1950 sagea,
1178 1880 1282 1934 Marius
1300 1879 1373 1933 habe

235 1967 422 2032 beschlosscu,
444 1967 486 2016 die
505 1965 594 2018 Sarlre
612 1984 644 2018 zu
663 1967 864 2020 nnternehmcn.

302 2069 354 2120 pro
372 2057 416 2105 ret·
433 2056 537 2120 copia)
565 2052 658 2123 Vergl.
677 2055 744 2104 oben
762 2071 793 2104 nu
812 2057 864 2120 39„
881 2059 906 2106 5.

302 2143 443 2201 coornat)
475 2136 625 2191 Enornore
647 2125 751 2192 absolut
774 2141 800 2190 in
823 2139 871 2192 der
896 2140 1070 2209 Bedeutung:
1096 2141 1202 2205 risten,
1225 2137 1250 2190 d.
1271 2139 1295 2189 h.
1315 2140 1373 2190 dn-

233 2226 330 2278 stalten
348 2223 452 2277 trefferr.
468 2269 469 2278 ,
487 2226 567 2277 Deua
591 2242 620 2277 es
645 2225 715 2276 steht
739 2227 806 2278 eben
828 2242 857 2277 so
881 2227 934 2278 wie
958 2241 1058 2278 ornare
1081 2224 1188 2290 lriiufig,
1215 2225 1283 2278 ohne
1308 2223 1371 2276 dass

233 2311 281 2364 der
299 2311 406 2382 Regriff
418 2312 470 2382 ²dos
488 2310 671 2364 Schnuiclens
693 2312 750 2364 sich
774 2311 857 2364 damit
879 2312 1027 2365 verbiudet.
1070 2309 1159 2380 Vergl.
1180 2309 1239 2366 Cot.
1259 2315 1314 2374 36,
1336 2319 1372 2375 1,·

233 2397 292 2466 Iuy.
313 2402 366 2462 52,
387 2405 414 2456 5,
518 2466 521 2474 y

301 2492 325 2534 2.
352 2486 590 2550 contraluctor.)
616 2483 759 2552 vargina
781 2483 839 2550 Iuy.
861 2487 914 2548 4⁶,
935 2490 962 2538 7.

301 2569 407 2631 Loris)
436 2566 682 2623 attrectamur.
722 2570 967 2638 Vgl.zuCut.1‚
990 2578 1016 2622 1.
1052 2569 1143 2624 darer
1162 2570 1222 2622 cine
1241 2567 1320 2621 Stadt
1339 2569 1371 2622 iu

232 2655 279 2728 der
298 2657 450 2724 Zeugitana
470 2655 566 2724 Regio.

300 2745 440 2808 dicitque)
472 2741 551 2792 Diels
570 2741 667 2792 wollen
694 2742 787 2794 llorttc
807 2742 858 2793 und
880 2743 994 2794 Gerlach
1015 2743 1240 2812 golilgtrvisseu.
1278 2741 1372 2794 ludes·

231 2843 278 2895 scs
301 2827 382 2880 lindet
406 2844 435 2878 es
458 2825 539 2880 durch
568 2826 610 2878 die
639 2827 777 2878 iihnlichon
808 2828 908 2880 Stellcn
938 2826 996 2893 Ion.
1018 2833 1090 2894 too,
1119 2835 1134 2880 1
1160 2828 1212 2881 trad
1239 2831 1312 2892 112,
1340 2834 1370 2894 1,

232 2929 262 2966 sc
282 2915 333 2966 wic
357 2913 439 2964 durch
460 2913 503 2964 die
528 2912 809 2981 Uebereinntiuuuung
832 2916 899 2966 aller
917 2913 1014 2977 codd,
1040 2915 1239 2984 hiuldugliohen
1259 2914 1370 2968 Sciunt.

299 3000 366 3067 Kap.
386 2999 457 3052 XCI.
479 3008 500 3052 1.
521 3003 605 3051 sictut
622 3007 649 3049 et
667 3028 700 3038 -
717 3002 766 3061 et)
794 3000 852 3051 Dua
865 3008 935 3052 erstc
952 3012 979 3054 et
993 3001 1058 3052 fehlt
1077 3003 1105 3052 in
1119 3001 1257 3052 urcbrereu
1276 2999 1369 3050 llaud-

231 3087 372 3152 schriltcu,
399 3085 451 3136 rand
471 3086 561 3160 einigr
581 3086 772 3152 lleruu=geber
789 3103 881 3140 waren
902 3087 1026 3156 grnoigl,
1052 3103 1080 3136 cs
1099 3104 1130 3138 zu
1150 3087 1243 3156 tilgen.
1280 3086 1370 3138 Wenn

232 3175 296 3224 aber
316 3173 382 3224 arrch
403 3172 505 3224 Sallust
523 3176 607 3224 armat
626 3203 655 3210 -
674 3182 701 3224 et
719 3173 756 3223 oll
779 3173 832 3224 fast
857 3173 1097 3238 gleichbcdeutcud
1118 3173 1161 3224 ruit
1180 3181 1206 3224 et
1225 3197 1260 3246 ···‚
1276 3181 1303 3224 et
1321 3188 1371 3240 ge·

230 3261 343 3312 braucht
361 3260 459 3328 [vergi.
481 3276 512 3308 zu
532 3256 592 3324 qu.
612 3263 665 3322 20,
693 3264 745 3323 1),
772 3275 802 3308 sn
823 3259 932 3311 hebter
952 3259 1018 3310 doch
1039 3257 1287 3323 mauretaniarum,
1313 3257 1370 3308 wie

231 3345 303 3406 hier,
323 3345 374 3410 die
386 3347 481 3394 beiden
501 3345 624 3412 zuglrirh
644 3345 828 3396 eirrtrctenden
844 3345 920 3396 Fb'lle
939 3345 1022 3396 durch
1042 3346 1084 3396 ein
1104 3345 1152 3396 auf
1167 3344 1371 3412 sintrdfolgrn·

232 3430 279 3482 cles
298 3429 434 3496 doppeltes
457 3440 483 3482 et
503 3431 543 3480 als
564 3431 632 3482 zurici
659 3431 837 3500 glria-hartigc
851 3433 974 3496 horror,
998 3449 1020 3481 z.
1043 3431 1070 3480 B.
1092 3430 1150 3496 Iun.
1171 3437 1222 3495 73,
1248 3433 1371 3482 astruat

231 3527 258 3569 et
277 3519 393 3568 invitum
417 3525 443 3566 et
471 3515 605 3582 offerrunt
628 3519 688 3568 sr'bi.
732 3516 807 3568 Ebon
831 3535 860 3567 so
886 3518 1004 3582 Andorc,
1029 3535 1051 3567 z.
1072 3516 1102 3568 B.
1127 3515 1181 3569 Cic.
1212 3514 1294 3568 I'urc.
1314 3512 1370 3578 IV,

232 3607 272 3657 28
290 3618 359 3670 utrae
374 3607 456 3656 sinrui
467 3613 493 3654 et
508 3606 662 3669 orrirrionem
680 3604 784 3669 fultam
803 3608 876 3656 tollit
894 3614 920 3656 et
937 3606 1134 3671 nrqriturtinem
1152 3606 1288 3664 ἀετνωιιις
1307 3599 1368 3652 Liv.

231 3687 345 3754 XXVI,
372 3691 411 3743 ta
434 3687 540 3742 Hic-
560 3699 715 3756 apparatur
738 3693 802 3742 delli
824 3699 879 3754 rat,
905 3695 952 3756 qui
975 3693 1057 3741 simul
1079 3699 1105 3741 et
1128 3704 1177 3741 voa
1200 3693 1318 3740 instruet
1341 3697 1372 3740 et

231 3782 323 3832 hostes
341 3779 471 3840 nradabit5
491 3773 623 3840 XXXII,
654 3780 691 3829 18
710 3792 734 3826 ιι.
754 3794 794 3840 a,
818 3778 870 3828 wie
894 3777 934 3826 bei
959 3776 1008 3826 den
1030 3775 1164 3826 Griecbcu
1188 3773 1230 3826 dic
1253 3789 1283 3822 so
1303 3772 1369 3823 hliu-

231 3864 285 3934 fige
306 3863 483 3932 Verbindung
506 3862 588 3913 durch
611 3858 672 3928 clun
694 3865 741 3914 >rai
760 3892 790 3900 —
809 3867 856 3915 καὶ
880 3861 944 3912 oder
967 3858 1028 3927 άμα
1052 3879 1079 3912 ra
1097 3889 1124 3900 -
1147 3863 1202 3912 καὶ.
1240 3857 1278 3910 So
1296 3859 1371 3910 steht

232 3949 299 4002 arob
323 3966 378 4002 rano
400 3949 448 4000 mit
470 3949 624 4017 folgenden
648 3959 674 4000 et
693 3957 784 4012 -et,
810 3967 832 3998 z,
860 3947 888 3998 B.
909 3947 968 4002 Cic.
992 3951 1021 3998 r'rt
1046 3945 1123 3998 Coeo.
1146 3943 1212 3998 Dio.
1240 3951 1273 4008 1,·
1304 3941 1368 3997 aro.

231 4032 381 4096 XXVIII,
406 4037 459 4098 44,
484 4040 502 4088 6
520 4034 586 4085 oder
608 4051 661 4087 arro
684 4045 806 4101 tempore
823 4044 848 4086 et
868 4065 898 4074 -
917 4044 944 4086 et
967 4033 1019 4084 wic
1046 4031 1124 4084 Cora.
1144 4033 1166 4082 b.
1184 4048 1211 4099 9.
1231 4029 1291 4094 IV,
1315 4033 1368 4095 29,

233 4125 267 4184 2,·
291 4124 314 4172 b.
338 4120 368 4170 A.
388 4137 410 4172 c.
430 4126 459 4175 3.
496 4121 651 4190 Uebrigens
676 4121 779 4172 bezieht
801 4119 856 4170 sich
882 4118 929 4170 der
953 4126 1022 4171 erne
1047 4117 1109 4170 Sutz
1134 4117 1195 4170 atri:
1223 4119 1372 4170 {attinere
1420 4109 1428 4118 ’

232 4209 426 4270 distribuerat,
447 4206 495 4256 der
513 4209 608 4258 zuche
629 4208 688 4258 aral:
716 4217 793 4259 et-
811 4208 932 4258 curabor.
968 4205 1069 4258 lenire
1087 4208 1124 4257 nl.
1145 4204 1219 4256 biert
1244 4200 1369 4268 macheu,

233 4291 292 4343 dal's
311 4291 404 4342 Etwas
424 4293 545 4360 wenigor
564 4293 732 4361 ernpllndlicb
751 4292 792 4342 ist.

302 4387 382 4432 recto
401 4381 459 4440 die,
479 4393 561 4442 quum
580 4408 617 4418 --
630 4389 739 4432 ventum
758 4382 821 4443 ert)
854 4377 928 4428 Kritz
948 4377 1047 4428 erhilirt
1067 4375 1141 4428 diere
1162 4375 1253 4426 Wortc
1271 4371 1372 4424 durchr

233 4475 314 4520 secto
332 4467 389 4528 dic,
417 4479 454 4516 eu
471 4477 524 4530 quo
542 4463 606 4514 oder
628 4474 816 4531 pastoratum
833 4467 921 4528 diem,
946 4477 1029 4530 quom
1046 4462 1115 4514 nach
1135 4461 1166 4512 Z.
1184 4459 1207 4526 §.
1227 4463 1294 4526 ⁴⁷⁸3
1313 4457 1373 4527 vgl.
