3020 5094
247 339 307 401 188
639 329 668 386 0.
687 329 869 384 SALUUSTI
888 328 1006 385 cnlsrl

202 511 223 570 7
246 500 378 592 possint
400 507 579 591 largiundo
602 523 723 588 parare
747 523 788 568 ne
813 509 1020 568 annotentur.
1067 507 1134 570 Sed
1158 508 1215 568 ubl
1237 511 1381 570 Romam

245 613 351 696 legati
380 630 502 673 venere
533 616 567 672 et
598 629 638 672 ex
670 614 852 692 praecepto
881 613 974 694 regis
1001 611 1191 692 hospitibus
1216 612 1380 695 aliisque,

246 733 386 798 quorum
409 733 451 776 ea
473 719 678 796 tempestate
702 716 734 773 in
758 715 885 775 Senatu
908 716 1093 776 auotoritas
1117 714 1286 796 pollebat,
1310 735 1381 776 ma-

245 837 312 901 gna
329 837 469 880 rnunera
492 821 631 897 misere,
656 822 751 878 tanta
771 820 985 878 commutatio
1009 819 1165 898 incessit,
1191 823 1228 879 ut
1251 837 1292 879 ex
1310 838 1381 880 ma-

243 941 343 983 xuma
373 922 496 982 invidia
524 924 555 982 in
588 923 731 1004 gratiam
763 924 797 980 et
826 916 974 981 favorem
1003 920 1189 981 nobilitatis
1213 920 1382 1004 Iugurtha

202 1024 223 1082 S
245 1028 385 1086 veniret.
424 1027 567 1100 Quorum
586 1041 666 1105 pars
690 1041 772 1104 spe,
798 1022 855 1083 alii
879 1026 1027 1104 praemio
1052 1024 1196 1103 inducti,
1221 1026 1381 1108 singulos

247 1131 437 1189 exsenatu
463 1127 643 1188 ambiundo
666 1127 878 1206 nitebantur,
911 1146 952 1187 ne
977 1128 1115 1208 gravius
1145 1129 1177 1187 in
1202 1145 1279 1188 eum
1302 1147 1382 1189 eon-

203 1235 222 1292 9
246 1231 427 1293 solaretur.
473 1231 581 1314 Igitur
604 1231 660 1290 nbi
684 1229 792 1312 legati
814 1231 900 1290 satis
925 1229 1110 1308 confidunt,
1137 1229 1191 1290 die
1216 1233 1381 1292 eonstitu-

246 1339 298 1413 to,
328 1335 474 1395 Senatus
499 1336 652 1414 utrisque
681 1332 789 1393 datur.
836 1335 918 1394 Tum
944 1331 1164 1394 Adherbalem
1193 1333 1256 1394 hoo
1280 1333 1381 1396 modo

238 1417 395 1498 ¹locutum
420 1439 623 1518 accepimus.

307 1581 390 1643 lilii.
431 1577 557 1642 Patres
582 1577 791 1658 conscripti,
822 1576 970 1658 Micipsa
997 1587 1095 1659 puter
1115 1599 1208 1642 raeus
1223 1582 1382 1644 ‘moriens
1447 1651 1450 1656 ,

244 1685 325 1748 milti
346 1684 534 1765 praecepit,
562 1683 614 1745 uti
643 1683 740 1765 requi
762 1681 944 1745 Numidiae
971 1681 1198 1746 tantammodo
1219 1701 1384 1764 procura-

244 1789 367 1850 tionem
390 1787 628 1848 existumarem
649 1805 772 1864 meam,
802 1793 945 1848 aeterum
971 1787 1027 1848 ius
1056 1793 1087 1848 et
1107 1785 1282 1866 imperium
1306 1787 1382 1849 eius

243 1904 348 1970 peaes
378 1907 438 1950 uos
470 1907 565 1965 esse,·
597 1887 698 1950 simul
730 1889 892 1968 eniterer,
928 1887 1017 1951 dorni
1043 1887 1254 1973 militiaeque
1284 1909 1384 1974 qaam

245 1991 499 2056 mammonam
523 2009 599 2053 esse
620 1989 742 2070 yroprrlo
765 1989 932 2069 Romnum
962 2011 1021 2054 uos
1048 1991 1129 2055 milri
1152 1999 1381 2076 conuiuiorum,

245 2183 449 2198 .-——---·—-

245 2307 390 2373 urtuairere
413 2303 487 2371 liegt.
533 2301 721 2368 Quaecumque
743 2299 881 2370 hingegen
908 2299 1041 2370 ernpfiehlt
1065 2300 1122 2352 sich
1141 2300 1231 2353 dureln
1245 2301 1297 2354 den
1315 2305 1383 2356 wei-

246 2401 321 2446 terru
342 2390 422 2454 Sina,
444 2388 495 2440 dett
516 2404 544 2438 es
563 2387 615 2439 lrat.
673 2451 678 2462 ι

314 2508 339 2555 7.
366 2518 402 2555 en
419 2515 552 2554 manuum
571 2503 646 2564 ina.)
682 2499 773 2551 Uelier
790 2515 826 2552 eu
843 2515 864 2550 s.
885 2517 916 2550 au
936 2497 995 2552 Cat.
1015 2507 1048 2564 5,
1075 2499 1165 2555 iuml
1187 2501 1255 2552 iiber
1276 2504 1384 2556 itroiaia

247 2589 342 2644 ebeno.
362 2605 394 2640 zu
415 2592 447 2652 6,
469 2593 496 2640 3.

316 2705 340 2752 8.
368 2699 510 2765 Quorum)
549 2695 613 2765 geht
634 2672 683 2763 nei·
708 2699 817 2763 synesin
841 2695 891 2747 anf
908 2698 1048 2750 nobilitas.
1090 2697 1183 2768 Vergl.
1209 2697 1325 2751 dariiber
1349 2719 1383 2753 zu

251 2788 311 2842 Cat.
333 2791 387 2848 16,
406 2788 435 2836 2.

317 2901 341 2950 a.
371 2899 416 2949 atie
433 2897 581 2948 constituto
600 2893 663 2946 Seu.
684 2923 716 2932 —
734 2896 844 2961 autur.)
880 2895 973 2965 Vergl.
990 2895 1120 2950 Brisson.
1138 2899 1171 2951 rte
1189 2899 1273 2966 farm.
1292 2897 1335 2964 11,
1355 2918 1382 2966 a.

249 2985 325 3038 242:
351 2993 363 3013 ‘¹
372 2981 441 3034 Ante
460 2984 553 3034 omnia
570 2983 710 3033 sciendum
727 2992 783 3046 est,
809 2985 914 3048 leuatus
929 2988 1059 3050 petiisse,
1085 2988 1139 3038 eiii
1157 2984 1289 3038 Senatum
1306 2989 1382 3049 dari,

249 3077 267 3124 i.
285 3087 309 3124 e.
326 3080 356 3122 ut
374 3067 507 3122 Senatirm
529 3067 609 3120 ‹rdire
632 3068 814 3134 mandataque
836 3084 888 3121 sua
910 3079 937 3122 et
959 3074 1101 3136 postulata
1122 3086 1260 3138 exponere
1276 3074 1381 3136 liceret,

248 3159 286 3212 aa
302 3171 415 3224 eamque
431 3169 492 3207 rem
509 3156 561 3207 siti
578 3155 653 3206 eties
670 3156 873 3211 diceretur„¹

317 3270 384 3334 Καρ.
406 3267 476 3320 XlV.
506 3273 529 3318 1.
555 3263 660 3318 Patres
680 3263 733 3328 Ο.)
771 3265 861 3318 Ueber
882 3266 926 3320 die
942 3265 1070 3337 Stellung
1092 3266 1140 3320 des
1157 3267 1286 3320 Volativs
1305 3284 1328 3320 s.
1349 3285 1384 3322 zu

247 3357 314 3424 Kap.
336 3359 401 3420 1⁰2,
421 3359 445 3404 5.

318 3466 505 3518 trintummorto
527 3466 750 3530 procurationem
773 3467 847 3528 etc.)
882 3465 1012 3518 Aehnlich
1037 3464 1100 3518 Liv.
1124 3463 1218 3532 XLV,
1249 3471 1286 3521 13
1308 3478 1383 3521 entr.

248 3550 434 3606 Masinissam
453 3577 486 3586 —-
504 3565 555 3601 usa
571 3553 651 3616 requi
668 3561 821 3603 contentum
839 3553 925 3620 scire,
943 3555 1095 3607 dominium
1112 3563 1139 3605 et
1156 3557 1199 3606 tus
1211 3554 1316 3620 eorum,
1335 3558 1385 3620 qui

248 3642 386 3703 desierint,
412 3651 480 3689 esse.
517 3634 608 3686 Ueber
627 3639 670 3687 ius
687 3646 714 3688 et
732 3640 877 3702 imperium
894 3639 980 3708 vergi.
1000 3657 1032 3691 zu
1052 3637 1110 3692 Cat.
1130 3641 1185 3704 20,
1207 3646 1233 3693 7.

317 3755 488 3804 eniterer-
507 3750 568 3800 usui
585 3751 666 3812 esse)
697 3745 775 3800 Eniti
798 3748 844 3799 mit
868 3747 927 3800 dem
952 3748 1069 3801 infinitiv
1091 3755 1154 3801 stati
1172 3759 1201 3802 at
1225 3748 1306 3802 lindot
1324 3747 1383 3802 sich

249 3839 292 3892 bei
310 3837 413 3890 Sallust
432 3834 521 3886 ausser
539 3833 629 3885 dieser
647 3831 731 3884 Stella
750 3833 836 3899 nicht,
861 3834 933 3885 wohl
952 3837 1017 3888 aber
1034 3839 1093 3888 niti.
1129 3836 1190 3904 vgt.
1211 3835 1271 3902 laq.
1291 3840 1341 3900 25,
1364 3843 1384 3891 9

241 3939 357 3978 summa
375 3927 403 3976 ai
421 3921 528 3976 Cirtam
545 3923 699 3986 irrumpere
716 3911 829 3984 nititur5
847 3918 907 3986 laq.
926 3925 981 3986 37,
1002 3926 1022 3973 2
1039 3919 1075 3973 P.
1087 3920 1220 3976 lucullus
1237 3934 1264 3975 et
1278 3919 1310 3972 L.
1328 3919 1383 3974 Ari-

248 4015 310 4062 uius
335 4037 364 4047 -
389 4012 548 4062 continuare
570 4009 737 4060 tribunatum
760 4009 925 4060 nitebantur.
967 4005 1004 4058 So
1028 4008 1095 4062 auch
1121 4009 1159 4060 ost
1181 4008 1224 4061 bei
1247 4005 1383 4073 Anderen,

249 4093 396 4147 besouders
415 4095 457 4147 bei
476 4093 579 4146 Livius.

316 4221 368 4258 vos
385 4221 421 4256 m.
439 4219 532 4273 coya,
553 4221 602 4259 aas
620 4203 753 4271 rastitium
770 4207 831 4257 loco
849 4208 895 4272 a.)
930 4205 984 4257 Dia
1008 4189 1196 4275 gewiihnlialio
1214 4206 1310 4258 hasart
1329 4205 1378 4256 ist:

250 4309 299 4348 uos
322 4294 392 4343 miii
414 4301 607 4356 coenaturum,
634 4305 685 4342 uos
712 4289 844 4355 adfinium
868 4294 898 4342 in
920 4294 1009 4343 maim
1036 4293 1171 4344 demerem.
1213 4291 1262 4342 Bei
1292 4290 1384 4344 dieser

250 4381 347 4432 litante
371 4393 431 4428 man
450 4375 493 4428 fiir
509 4380 538 4428 in
555 4405 588 4416 -·
604 4381 697 4430 iocum
722 4376 825 4428 Stellea
852 4375 984 4428 anfiihrea
1010 4376 1064 4430 wie
1092 4378 1148 4432 aa.
1173 4377 1254 4431 verr.
1278 4375 1315 4440 V,
1341 4380 1384 4431 28

248 4469 280 4524 tu
299 4476 394 4518 eonem
416 4465 507 4516 torum
528 4464 600 4516 aves
616 4459 738 4516 Romam·
759 4463 888 4516 liostitem
906 4464 936 4516 iu
959 4465 1070 4516 modam
1093 4465 1211 4518 aranti
1226 4471 1253 4516 et
1275 4465 1384 4526 necari,-
