3022 5100
214 365 277 428 840
608 348 639 404 0.
658 344 838 402 sensuam
857 342 975 398 CRISPI

299 526 464 592 LXXXVI.
508 521 747 588 Huiuscemodi
771 520 923 581 oratione
946 515 1061 578 habita
1082 511 1225 592 Marius,
1250 513 1347 594 post-

216 651 315 717 quam
345 631 456 714 plebis
486 631 614 692 animoa
643 628 796 688 arrectos
825 621 935 700 videt,
967 633 1111 702 propere
1143 619 1346 694 commeatu,

214 733 400 819 stipendio,
433 734 534 794 armis
562 729 707 811 aliisque
735 725 875 788 utilibus
900 724 994 784 navic
1024 724 1161 801 onerat3
1194 736 1268 780 eum
1291 717 1348 778 luis
1406 794 1410 800 .

170 842 249 903 Η.
272 835 431 900 Manlium
454 834 605 918 legatum
628 831 794 915 prolieIsoi
817 828 920 890 iubet.
965 824 1043 907 lpse
1066 826 1196 884 interea
1218 819 1348 882 milites

215 941 385 1020 scribere,
409 956 474 999 non
497 953 590 1015 more
614 936 775 996 maiorum
798 948 909 1014 neque
933 947 974 991 ex
997 926 1185 1005 elassIbus,
1208 923 1272 986 sed
1295 925 1349 984 uti

171 1051 191 1110 3
215 1045 381 1125 aqusque
405 1039 521 1103 lubido
541 1042 629 1118 erat,
655 1038 765 1118 oapIte
789 1051 911 1096 censos
929 1031 1124 1114 plerosque.
1162 1027 1200 1090 ld
1218 1023 1349 1089 Iactum

215 1145 273 1210 alii
296 1146 410 1226 inopia
431 1143 611 1222 bonorum,
642 1139 700 1202 alii
722 1155 783 1222 per
805 1137 1018 1200 ambitionem
1042 1131 1200 1195 consulas
1222 1147 1349 1192 memo-

214 1248 351 1328 rabant,
376 1244 467 1330 quod
490 1246 531 1306 ab
555 1263 596 1306 eo
619 1259 746 1327 genere
765 1240 958 1302 celebratus
982 1241 1171 1318 auctusque
1191 1239 1287 1314 orat,
1312 1237 1351 1294 et

214 1350 338 1412 homini
361 1351 544 1433 potentiam
574 1347 751 1430 quaerenti
781 1345 1033 1427 egentissumus
1057 1342 1202 1422 quisque
1226 1353 1351 1420 oppor-

214 1453 444 1533 tunissumae,
483 1454 537 1514 cui
576 1467 686 1533 neque
718 1465 782 1510 sua
813 1463 936 1525 curae,
977 1445 1101 1527 quippe
1134 1459 1223 1524 quae
1252 1438 1351 1500 nulla

171 1560 315 1637 dsunt,
352 1559 388 1618 et
424 1556 534 1616 omnia
572 1570 646 1615 cum
682 1553 800 1635 pretio
831 1549 974 1611 honesta
1010 1545 1176 1609 videntur.
1237 1542 1350 1626 Igitur

127 1641 133 1653 ⁸
214 1659 342 1724 marus
376 1673 449 1719 eum
483 1657 655 1739 aliquanto
686 1656 813 1716 maiore
843 1668 1005 1730 numero,
1040 1665 1139 1732 quam
1174 1646 1351 1710 decretum

215 1766 307 1840 erat,
331 1761 364 1822 in
389 1756 531 1822 Africam
554 1755 747 1841 profectus,
773 1757 892 1838 paucis
916 1752 1035 1816 diebus
1058 1749 1187 1813 Uticam
1210 1747 1349 1811 advehi-

171 1869 280 1933 5tur.
324 1861 501 1925 Exercitus
531 1863 564 1923 ei
586 1859 729 1922 traditur
753 1877 773 1920 a
795 1858 829 1918 Ρ.
852 1856 978 1918 Rutilio
1002 1855 1128 1940 legato.
1173 1853 1256 1914 Nam
1278 1851 1349 1913 lle-

214 1965 320 2030 tellus
345 1969 562 2046 conspeetum
585 1961 669 2024 llari
691 1958 848 2045 fugerat,
874 1977 915 2021 ne
937 1958 1068 2021 ulderet
1091 1974 1151 2037 ea,
1177 1973 1265 2040 quae
1288 1971 1350 2016 au-

216 2067 286 2132 dita
309 2069 439 2130 animus
463 2067 610 2129 tolerare
633 2066 840 2148 nequiverat.

215 2246 419 2262 Μ

282 2359 350 2428 Kap.
370 2353 521 2410 LXXXVI.
558 2360 582 2404 a.
600 2368 654 2406 non
671 2365 748 2406 more
766 2351 922 2414 moinum)
942 2348 1025 2402 Sonat
1042 2361 1101 2400 wer
1119 2363 1148 2399 es
1167 2345 1348 2417 gewdhnIIeh,

216 2441 276 2496 dass
301 2443 349 2494 der
371 2440 474 2492 Konsul
500 2439 547 2490 mit
571 2439 651 2491 lliilfe
676 2436 724 2489 dcr
747 2435 974 2506 Kriegstribuneo
999 2449 1048 2486 ous
1073 2432 1124 2485 den
1150 2430 1348 2500 dienstffihigeo

213 2527 352 2599 Biirgcrn,
380 2525 423 2577 die.
449 2523 505 2576 nich
528 2523 596 2575 nach
621 2523 697 2576 einer
719 2521 980 2589 Belanntmachung
1005 2518 1052 2571 des
1075 2515 1192 2570 Konsuls
1217 2515 1266 2571 cuI
1288 2516 1348 2568 dem

214 2612 367 2666 Murslcide
395 2609 529 2662 einfindcn
558 2608 686 2676 musaico,
718 2607 760 2659 die
786 2607 897 2677 nithige
920 2605 1023 2658 Auaahl
1046 2604 1202 2658 aoswlhlte.
1243 2599 1348 2656 Marius

213 2698 312 2767 schlug
335 2694 412 2748 einen
436 2693 538 2745 andern
557 2694 628 2764 weg
649 2693 708 2760 cin,
732 2691 821 2745 indens
840 2708 870 2744 er
888 2691 1041 2762 dicjenlgen
1061 2689 1154 2758 nalum,
1178 2687 1283 2741 welche
1301 2702 1349 2757 ge·

216 2780 281 2836 rade
299 2780 368 2834 Luat
385 2779 476 2831 lratlen
495 2778 548 2831 und
565 2779 623 2832 sich
641 2778 771 2831 demnaeh
789 2779 873 2831 aelbst
892 2778 1016 2833 anboten.

284 2895 321 2935 ea
342 2884 478 2937 claaaidtm
495 2909 528 2921 -
545 2898 606 2950 cap.
624 2882 741 2945 censos)
779 2883 835 2934 Zur
856 2880 1036 2952 Erlduterung
1058 2879 1129 2931 laon
1153 2878 1250 2930 dienen
1277 2875 1347 2930 (dell.

215 2965 251 3020 N.
270 2965 305 3020 Δ.
323 2961 408 3032 XVI,
431 2973 469 3024 10
486 2971 534 3036 qui
550 2972 626 3020 nullo
643 2978 692 3022 out
707 2982 840 3036 perquam
857 2981 945 3036 paruo
962 2981 1029 3020 aere
1044 2969 1235 3028 censebantur,
1260 2966 1350 3031 capite

214 3057 289 3106 censi
311 3055 489 3108 uocabantur.
525 3049 678 3106 It'mrcmus
701 3063 793 3106 autem
813 3069 910 3106 censue
931 3055 1020 3120 capite
1040 3065 1184 3106 censatum
1201 3053 1278 3104 aeria
1294 3049 1352 3117 [ult

216 3133 393 3214 cacam
438 3137 494 3190 Sed
520 3143 647 3204 antoniam
671 3153 717 3192 rea
743 3143 909 3206 pecuniaque
940 3141 1095 3205 sanationis
1128 3139 1231 3190 alcidis
1261 3138 1350 3190 uicem

211 3225 384 3294 papamque
401 3238 462 3277 ecce
475 3227 550 3290 apud
563 3227 756 3292 rempublicam
770 3227 914 3278 addebatur
928 3229 1086 3292 amorisque
1098 3227 1127 3276 in
1142 3226 1267 3290 patriam
1279 3220 1350 3286 fidae

213 3311 348 3378 quaedam
362 3311 391 3360 in
405 3324 439 3361 ea
453 3307 706 3377 firmamentumque
722 3321 797 3377 erat,
816 3325 902 3378 neque
913 3313 1060 3378 proletarii
1074 3325 1158 3376 neque
1171 3311 1261 3376 capite
1275 3309 1350 3360 censi

212 3397 316 3448 milites
333 3396 391 3444 nisi
407 3396 437 3444 in
460 3397 577 3446 tumultu
599 3399 723 3449 maniano
746 3398 945 3460 commeantum,
973 3400 1038 3463 quta
1056 3397 1166 3461 samnitia
1182 3396 1351 3461 pecuniaque

211 3479 258 3532 die
274 3487 323 3531 aut
340 3481 429 3530 tenuis
446 3487 494 3530 aut
510 3481 587 3531 naua
602 3490 682 3534 esset.
717 3481 769 3532 Die
787 3479 949 3534 Proletarier
972 3480 1025 3532 uod
1049 3485 1138 3550 capite
1159 3482 1234 3534 cenat
1251 3477 1350 3550 gehir-

132 3577 134 3581 '
212 3567 258 3616 ten
277 3565 344 3615 aber
361 3561 435 3615 nicht
452 3579 485 3614 au
504 3562 556 3614 den
574 3564 636 3615 Idus
650 3565 777 3632 Klasseu,
804 3565 831 3618 in
855 3565 959 3618 welche
978 3563 1090 3620 Servius
1108 3564 1151 3618 dle
1168 3566 1276 3636 Biirger
1295 3565 1349 3617 elu-

213 3648 326 3719 gelheilt
344 3647 430 3715 hatte,
445 3626 503 3700 luo
522 3647 638 3702 bildelcn
656 3650 723 3704 aueh
742 3651 821 3703 luciae
839 3651 935 3704 Klassc
953 3651 1036 3704 mehr.

279 3753 305 3806 ³.
332 3754 427 3819 inopia
451 3755 604 3820 nonaum)
642 3750 718 3808 Bana·
746 3751 942 3822 “Bcgiiterte..
986 3753 1079 3824 vergi,
1103 3770 1136 3806 cu
1160 3751 1218 3808 Cat.
1240 3757 1294 3816 37,
1317 3756 1347 3812 3.

211 3833 335 3892 Aemilio
353 3837 424 3904 iuer,
444 3837 497 3891 wie
516 3837 565 3891 das
582 3836 723 3908 Folgeode
741 3839 830 3906 ceigt:
848 3837 1001 3907 Ehrgeiu.

280 3953 344 3994 cam
359 3942 470 4007 pretia)
505 3938 573 3994 &m
597 3938 670 4007 hier,
694 3939 748 3992 wie
766 3939 802 3990 iar
821 3938 1015 3992 Grieelaiselren
1037 3935 1083 3994 Iul
1106 3940 1154 3992 mit
1177 3938 1237 3992 dem
1255 3939 1347 4008 Datis,

211 4037 264 4076 ean
283 4025 332 4077 der
350 4023 528 4094 accingam,
547 4030 626 4078 unter
643 4023 762 4077 welches
779 4024 872 4076 Elwcs
890 4031 954 4076 statt
970 4024 1061 4078 findet.
1099 4023 1155 4078 Cic.
1169 4022 1290 4090 rosal,
1307 4027 1347 4080 40

211 4110 307 4175 omaus
324 4111 447 4162 uidem
465 4111 599 4176 optabiles
615 4119 719 4163 mames
735 4111 826 4178 micae
841 4124 903 4162 cum
919 4113 1028 4177 plurim
1050 4109 1087 4176 V,
1107 4115 1160 4176 30,
1179 4115 1239 4174 855
1261 4108 1346 4178 Iepp.

211 4190 244 4257 1,
265 4197 304 4248 18
327 4187 498 4246 blanditae
514 4197 542 4246 ci
557 4210 620 4248 cum
636 4197 761 4249 mercede
777 4196 915 4264 (intpna
930 4198 1005 4260 eat),
1033 4197 1168 4250 conducm
1185 4195 1270 4262 (ece).
1307 4193 1346 4247 So

212 4275 297 4330 illem
314 4277 410 4330 Liuius
427 4293 490 4330 cum
506 4295 554 4345 ea,
579 4291 624 4346 ut,
649 4297 671 4334 a.
690 4280 722 4332 B.
746 4278 835 4346 VIII,
856 4283 895 4334 ss
912 4278 1025 4334 Antium
1041 4296 1113 4335 noua
1130 4283 1242 4334 colonia
1256 4283 1347 4333 muca

210 4377 274 4418 mm
295 4377 342 4429 eo,
368 4372 400 4414 at
421 4361 579 4420 minutim
602 4364 827 4434 pontumue,-
852 4363 992 4432 XHVI,
1016 4371 1044 4418 ὅ.
1080 4367 1194 4435 Herzog
1216 4365 1275 4418 will
1302 4363 1347 4418 die

135 4501 140 4508 .
210 4449 304 4506 wana
321 4462 384 4504 cum
399 4451 490 4517 mac
507 4447 547 4501 uls
564 4448 791 4522 Adlcktivbegriff
804 4467 837 4505 zu
855 4455 950 4506 omnia
966 4466 1091 4521 gangen
1108 4451 1218 4506 wicun.
