3020 5094
230 351 289 412 172
649 341 679 394 G.
699 340 880 396 sauuvsrt
899 341 1015 395 catsm

227 520 359 582 leonem
390 521 491 601 atque
524 516 610 578 alius
644 513 736 578 feras
771 517 898 598 primus
930 522 990 578 aut
1019 519 1050 578 iu
1083 519 1198 598 primis
1231 514 1357 599 ferire,

183 629 204 686 2
226 623 415 704 plurumum
433 617 565 698 faeere,
590 621 768 680 minumum
792 621 866 701 ipse
885 619 927 682 de
950 637 989 682 se
1013 619 1117 702 loqui.
1152 620 1278 694 Quibus
1303 638 1358 681 re-

226 726 290 788 bus
313 724 453 806 Micipsa
483 725 618 784 tametsi
648 723 741 782 initio
765 721 877 783 laetus
900 719 1029 802 fuerat,
1060 724 1268 782 existumans
1291 725 1357 782 vir-

225 832 330 888 tutem
347 827 532 910 Iugurthae
549 843 655 907 regno
675 842 737 884 suo
758 822 888 906 gloriae
907 821 999 904 fore,
1023 829 1151 904 tamen,
1175 828 1357 906 postquam

226 929 390 992 hominem
414 927 683 1006 adulescentem,
713 931 832 988 exacta
855 944 919 988 sua
942 930 1056 987 aetate
1080 931 1115 987 et
1136 929 1249 1008 parvis
1273 926 1358 988 libe-

225 1034 289 1110 ris,
318 1033 427 1114 magis
458 1031 636 1113 magisque
665 1045 820 1090 erescere
848 1029 1037 1113 intellegit,
1067 1029 1284 1090 vehementer
1314 1047 1356 1090 eo

184 1136 365 1216 inegotio
388 1137 580 1214 permotus,
614 1130 719 1192 multa
748 1150 822 1192 eum
845 1134 953 1193 auimo
978 1150 1041 1194 suo
1063 1131 1231 1194 volvebat.
1276 1133 1357 1192 Ter-

224 1237 322 1299 rebat
344 1253 419 1296 eum
449 1240 569 1297 natura
591 1233 780 1295 mortalium
804 1235 902 1296 ovida
925 1237 1042 1316 imperi
1066 1239 1102 1296 et
1123 1250 1288 1316 praeceps
1312 1233 1358 1295 ad

111 1365 116 1372 ·
226 1338 422 1420 explendam
447 1340 546 1399 animi
570 1338 776 1420 cupidinem,
808 1342 988 1420 praeterea
1011 1339 1246 1420 opportunitas
1270 1355 1357 1398 suae

225 1440 474 1523 liberorumque
509 1443 658 1520 aetatis,
698 1459 785 1523 quae
820 1443 921 1502 etiam
955 1440 1134 1504 mediocris
1168 1442 1258 1502 viros
1292 1457 1357 1521 spe

225 1544 374 1627 praedae
403 1548 621 1606 transvorsos
650 1547 741 1628 agit,
775 1544 818 1605 ad
846 1545 909 1605 lroe
937 1544 1050 1604 studia
1076 1543 1290 1604 Numidarum
1322 1545 1356 1602 in

223 1647 421 1731 Iugurtham
445 1665 606 1724 aceensa,
638 1648 841 1728 exquibus,
873 1649 902 1706 si
932 1646 1034 1708 talem
1061 1649 1166 1708 virum
1197 1644 1283 1707 dolis
1307 1647 1357 1705 iu-

225 1746 435 1828 terfeeisset,
473 1766 513 1810 ne
544 1767 610 1831 qua
638 1749 760 1811 seditio
792 1754 850 1810 aut
879 1749 1005 1811 bellum
1036 1752 1196 1830 oriretur,
1234 1751 1355 1812 anxius

225 1856 306 1911 erat.
1151 1865 1159 1879 ¹

291 2065 339 2109 aut
358 2059 387 2108 iu
403 2056 526 2122 primis)
563 2053 617 2106 Aret
636 2053 767 2106 bestimmt
786 2055 824 2106 oft
843 2054 891 2106 dus
910 2055 1007 2108 vorlrer
1025 2073 1057 2108 zu
1076 2056 1218 2125 allgemein
1238 2055 1304 2108 oder
1322 2074 1355 2109 zu

222 2142 329 2211 speeiell
341 2142 462 2210 Gesagto
477 2156 597 2210 genener
614 2139 666 2192 oud
684 2138 809 2193 bedeutet
825 2141 911 2197 donn:
933 2141 1019 2193 “oder
1033 2141 1114 2207 doolr,
1133 2141 1198 2194 oder
1215 2142 1353 2209 vielmehr,

222 2227 287 2280 oder
304 2227 402 2283 aaron„
439 2226 501 2296 Vgl.
522 2224 581 2292 Iup.
600 2228 654 2291 56,
675 2233 694 2280 5
717 2228 843 2294 profecto
865 2230 957 2280 cuncti
973 2239 1022 2279 aut
1039 2241 1139 2294 mapem
1154 2243 1223 2295 pars
1245 2227 1355 2280 Siccen—

221 2316 293 2366 sium
308 2312 391 2378 timue
408 2315 606 2377 rurrtavisseut5
630 2317 682 2374 31,
705 2319 742 2368 19
758 2316 865 2366 scilicet
880 2315 1097 2376 esistumnditis,
1120 2318 1211 2380 quatis
1228 2317 1278 2366 iliu
1294 2330 1355 2382 pus¹

220 2409 269 2452 aut
284 2401 386 2452 Mattio
403 2401 457 2462 sit;
481 2403 534 2462 55,
554 2403 574 2452 ,1
590 2401 713 2464 plerique
730 2401 809 2450 collis
826 2409 874 2452 aut
891 2402 994 2464 tractis,
1014 2414 1082 2465 quiae
1099 2402 1155 2453 iam
1172 2403 1284 2464 aderat,
1304 2415 1353 2452 au-

220 2487 288 2538 uiiio
305 2487 405 2552 intepri
422 2486 526 2536 adeum.
562 2483 653 2552 Vergl.
674 2499 705 2534 zu
727 2489 770 2551 ld,
791 2489 834 2538 17.

288 2576 313 2620 2.
331 2573 466 2623 homiaem
483 2570 699 2632 odoramentum)
736 2569 764 2622 S.
784 2586 816 2621 zu
835 2569 894 2637 Iup.
915 2573 967 2636 12,
987 2576 1014 2624 5.

288 2665 388 2707 exacta
409 2670 461 2706 ιιιιι
484 2656 596 2725 maure)
632 2655 690 2706 Der
713 2654 853 2707 Ausdrnek
877 2665 977 2709 exacta
997 2667 1077 2708 aetas
1100 2655 1165 2708 oder
1188 2666 1251 2708 acta
1273 2667 1353 2712 uetus

221 2741 257 2805 (e.
276 2737 389 2807 Fiaqm.
410 2738 457 2792 Or.
480 2737 575 2792 Cottae
591 2740 613 2807 §.
633 2744 670 2804 1,·
697 2737 751 2792 Cic.
771 2739 826 2794 All.
846 2739 885 2806 X,
908 2742 948 2804 d)
974 2740 1041 2794 wird
1066 2741 1132 2793 arreh
1155 2757 1208 2792 von
1231 2741 1351 2808 anderen

220 2823 431 2878 Schrillstellern
450 2824 488 2876 oli
506 2841 554 2878 aur
571 2825 764 2894 Beaeiolmuug
781 2826 855 2877 eines
873 2826 973 2893 hohen,
992 2827 1093 2878 seinem
1111 2826 1186 2877 Ende
1205 2826 1292 2878 noheu
1309 2828 1354 2878 Al·

218 2917 274 2964 ters
292 2909 449 2980 gebrauolrt.
485 2909 547 2978 Vgl.
568 2908 622 2964 Cia.
647 2909 724 2964 Verr.
742 2909 773 2974 V,
792 2917 822 2977 8,
842 2909 998 2974 2.t‚·.Tusc.
1019 2910 1050 2977 I,
1070 2917 1127 2976 ³95
1145 2910 1209 2965 biv.
1229 2911 1272 2977 11,
1294 2915 1351 2978 405

218 2994 271 3062 IV,
294 3001 349 3060 15,ο
374 2993 427 3061 VI,
447 2999 500 3060 223
526 2994 593 3049 Tuo.
613 2994 688 3048 Hist.
705 2994 770 3058 111,
790 3002 848 3061 ³³5
868 2996 960 3065 Apris.
980 3002 1008 3051 3.

285 3084 430 3146 crescere)
459 3082 550 3152 Vorgl.
572 3079 630 3134 Cat.
649 3088 704 3147 51,
726 3086 767 3136 32
783 3085 830 3149 qui
847 3087 922 3136 mido
939 3085 1102 3150 reiprrdiicae
1119 3093 1272 3134 creverant.
1313 3115 1317 3126 -
1340 3075 1350 3088 ⁸

289 3185 322 3222 eo
339 3171 467 3238 raspatio)
494 3167 523 3220 S.
534 3185 567 3218 zu
587 3164 647 3235 Iup.
664 3175 690 3232 1,
712 3170 730 3219 1
749 3168 800 3219 und
819 3185 850 3219 zu
869 3173 977 3221 uolmre
994 3183 1055 3220 mam
1072 3171 1165 3220 animo
1181 3165 1239 3220 Cat.
1253 3171 1302 3232 32,
1325 3175 1351 3220 1.

286 3259 310 3306 3.
339 3270 409 3321 queue
424 3258 510 3306 etium
533 3256 679 3307 mediocris
696 3269 721 3305 v.
721 3256 741 3316 )
776 3254 867 3307 Ueber
889 3269 957 3321 quate
981 3269 1002 3304 s.
1029 3272 1052 3304 z.
1073 3251 1132 3306 Cat.
1152 3255 1206 3316 48,
1234 3261 1259 3306 1.
1297 3254 1351 3306 Du-

217 3341 259 3392 oet
279 3340 314 3391 ist
338 3357 369 3390 zu
394 3341 551 3405 beruerlren,
577 3339 651 3407 dass,
677 3340 730 3391 wie
753 3338 801 3390 der
822 3338 1057 3408 Zusammenhang
1078 3338 1162 3408 zeigt,
1191 3354 1260 3405 qaae
1282 3341 1352 3392 blois

217 3426 266 3476 auf
281 3428 472 3490 opportunitas
490 3425 559 3475 olme
578 3425 622 3477 die
646 3425 728 3478 donarit
746 3425 950 3490 verbundenen‚
974 3424 1022 3475 das
1040 3423 1116 3475 Wort
1139 3425 1222 3475 nither
1245 3425 1352 3478 bestim-

218 3507 333 3560 menden
360 3507 483 3560 Genitive
507 3509 580 3577 geht.
628 3509 719 3561 Dalrer
741 3511 775 3562 ist
797 3510 865 3562 urrelr
894 3512 1086 3577 opportunitas
1107 3509 1189 3560 durelr
1215 3510 1266 3562 den
1290 3511 1350 3562 Tou

217 3593 446 3646 herrorzulrebeu.
483 3591 639 3647 Mediocris
664 3595 743 3647 heiist
761 3595 818 3647 lrior
844 3595 898 3647 wie
918 3593 977 3664 Iup.
995 3601 1029 3660 8,
1057 3602 1074 3646 1
1097 3595 1192 3662 Einer,
1213 3594 1261 3648 der
1280 3598 1349 3648 mis-

217 3681 262 3750 sig
281 3680 307 3732 in
327 3679 419 3731 seinen
438 3678 592 3730 Wiinsolren
612 3680 654 3731 ist.

285 3777 465 3819 transvorsos
488 3767 569 3832 opit)
602 3765 693 3834 Vergl.
719 3765 787 3832 Kup.
812 3769 856 3830 lt,
881 3771 913 3818 20
937 3780 969 3818 ue
989 3780 1060 3832 quos
1081 3770 1196 3834 privata
1222 3771 1351 3822 amicitie

196 3853 367 3921 ,Iugurthae
383 3867 484 3920 parum
505 3855 617 3920 capuita
637 3860 815 3903 transvorsos
832 3862 914 3920 apat5
939 3851 1031 3906 Senes.
1050 3853 1103 3920 Ep.
1122 3858 1143 3906 8
1167 3855 1236 3905 med.
1256 3870 1290 3907 ere
1306 3871 1350 3908 re-

215 3943 313 3992 sistere
330 3941 438 4005 quidem
462 3941 540 4003 iicet,
567 3952 648 4004 quaero
669 3940 758 4004 coepit
780 3947 953 3992 uarrsuersos
975 3955 1057 4007 opere
1079 3940 1222 4005 [elicitam
1255 3939 1348 4004 (lirim.

215 4021 257 4087 X,
279 4032 310 4088 1,
333 4029 391 4077 110
408 4038 490 4090 quum
507 4035 696 4077 artusversam
713 4027 742 4075 vi
759 4039 811 4076 sua
828 4026 945 4078 iudicem
962 4027 1037 4092 t'erat
1047 4024 1177 4090 (Cicero)
1187 4036 1237 4077 etc.
1262 4025 1350 4076 lehn-

215 4109 267 4160 lieh
290 4115 367 4178 segle
397 4125 445 4160 vor
467 4109 568 4162 Sallust
591 4110 657 4162 Cato
678 4113 722 4172 (s.
743 4108 812 4162 deur.
842 4109 911 4176 VII,
938 4115 975 4174 3)
1002 4109 1144 4163 &caudae
1167 4125 1214 4163 res
1238 4114 1350 4164 laetitia

215 4205 407 4248 transvorsum
426 4199 536 4249 traam
558 4200 647 4249 eoum
662 4211 682 4249 u
698 4205 772 4248 reete
788 4199 952 4249 commodo
970 4207 1050 4262 atque
1067 4199 1252 4264 iraelitpendo.
1285 4196 1348 4266 Vgl.

216 4285 296 4334 uuten
315 4297 348 4330 zu
366 4281 433 4348 Kop.
453 4287 501 4345 25,
520 4284 544 4333 o.
1500 4301 1501 4304 ¹

283 4382 320 4420 en
332 4368 455 4433 quidue)
481 4366 595 4418 nimliolr
614 4369 714 4420 emdiis
731 4366 916 4421 Numidarum
934 4372 963 4420 iu
982 4367 1145 4435 [apartium
1162 4372 1294 4422 accensis.

284 4454 378 4516 dolis)
412 4450 490 4503 Diels
508 4451 585 4505 Wort
607 4451 653 4503 hot
676 4452 771 4504 Kortle
794 4452 862 4506 nauh
887 4451 935 4506 der
952 4450 1103 4504 duldoritiit
1128 4450 1233 4522 einiger
1257 4453 1349 4506 tioud-¹

438 4908 588 5061 Ϊὲς
622 4974 645 5061 j
