3022 5100
425 344 473 396 DE
492 345 613 400 BELLO
629 315 862 406 IlJGUliTHlNO
886 355 962 411 OAP.
981 359 1117 418 Lxxxv.
1257 377 1320 438 339

189 509 352 586 Quirites.
402 511 505 595 Nam,
541 535 624 600 quae
655 519 702 584 acl
729 521 790 586 loc
820 530 948 608 tempus
981 529 1174 616 Inqurtleam
1207 543 1321 606 tutata

188 621 282 694 senet,
313 615 425 678 munia
445 621 656 703 removistis,
687 627 885 710 auaritiam,
915 632 1119 712 imperitiam
1146 646 1321 724 atquasu-

185 717 343 796 pertinen.
397 718 528 784 Deinde
559 726 733 789 eccere-itus
761 729 810 791 ili
841 739 895 794 est
922 734 1068 802 locorum
1096 742 1227 824 sciens,
1258 744 1322 809 secl

184 819 371 882 mehercule
398 824 507 905 maqis
535 832 694 890 strenuus
725 849 820 914 quom
844 830 944 918 felin.
989 838 1076 904 Nam
1096 863 1218 928 maquo
1237 850 1385 927 narsiti

188 923 261 984 oinos
284 924 435 988 auaritia
451 933 512 988 nect
528 930 716 1010 temeritqte
734 931 852 998 ductim
868 940 994 1003 attrita
1011 950 1072 1006 est.
1109 943 1322 1020 Quamobrem
1344 961 1387 1020 47

186 1011 262 1106 aas,
292 1027 410 1110 quilius
432 1029 593 1094 militaris
617 1042 714 1097 oetas
738 1045 804 1117 est,
834 1039 1030 1107 adnitimini
1057 1065 1180 1112 mecum
1208 1060 1240 1114 et
1267 1073 1321 1118 co-

185 1129 315 1206 pessite
337 1131 589 1218 rempublicnm3
618 1155 720 1221 neque
743 1158 931 1224 quemquam
954 1165 999 1209 en
1022 1149 1214 1216 calamitate
1236 1155 1321 1220 alio·

184 1249 259 1294 ram
287 1240 345 1295 acet
375 1235 615 1314 imperatorum
636 1242 794 1319 superbio
816 1251 922 1308 ructus
945 1253 1083 1328 ceperit.
1126 1253 1265 1338 nynia
1285 1261 1321 1322 in

185 1335 329 1416 aquine,
352 1336 389 1398 in
409 1338 537 1416 proelio
552 1341 733 1420 xconsecltor
751 1343 892 1408 idemet
911 1353 1027 1415 socius
1048 1357 1192 1432 periculi
1213 1361 1321 1424 oolia-
1407 1393 1409 1400 ·

189 1437 402 1519 comedero,
433 1459 545 1525 meque
570 1461 691 1527 uosque
719 1447 755 1508 in
783 1450 932 1512 omnibus
954 1454 1053 1516 rebus
1076 1458 1176 1522 inccta
1196 1481 1318 1544 qeram.

183 1535 231 1602 Et
251 1537 406 1626 profecto
434 1542 501 1608 dis¹
518 1545 709 1610 iuuantibus
739 1551 849 1616 omnia
874 1559 1008 1618 motura
1035 1566 1130 1639 seint,
1161 1563 1314 1646 uictoria,
1336 1571 1380 1632 48

179 1641 323 1723 oracio,
347 1643 439 1729 laus3
463 1649 595 1730 quaesi
614 1647 716 1714 dnbio
730 1660 788 1714 aut
801 1655 919 1731 procul
937 1667 1060 1740 essent,
1082 1668 1192 1728 tamen
1208 1668 1315 1732 onmis

184 1743 287 1810 tonos
310 1747 515 1826 reipublicae
538 1751 713 1816 sncboenire
736 1753 883 1820 decebat.
915 1757 1050 1824 Etenim
1064 1783 1156 1828 nemo
1179 1769 1315 1852 iquacio
1337 1780 1378 1840 49

182 1847 382 1916 immortalis
405 1847 520 1936 sactus
544 1860 613 1933 est,
636 1873 738 1940 neque
760 1858 932 1942 quisquam
952 1882 1077 1941 parens
1099 1867 1236 1951 liberis,
1263 1873 1340 1936 uti'

182 1952 315 2016 aeterni
335 1948 464 2036 forent,
494 1956 637 2036 optauit,
668 1960 791 2042 mnqis,
819 1963 870 2024 uti
899 1962 975 2026 loni
996 1965 1191 2054 honestique
1210 1974 1314 2038 uitam

184 2053 369 2134 ecciqerent.
419 2053 527 2120 Plura
550 2057 710 2140 elicerem,
741 2060 907 2145 Quirites,
937 2068 970 2130 si
998 2071 1130 2136 timidis
1157 2075 1314 2140 uirtutem
1336 2087 1377 2148 5⁰

181 2155 282 2218 uerbo
303 2155 487 2246 uiderem,-
509 2164 758 2228 namstrenuis
781 2166 909 2231 alicnde
932 2168 1056 2237 dictum
1076 2182 1165 2253 puto.

183 2310 388 2327 m

250 2412 309 2462 am,
332 2401 396 2464 imp.
417 2409 497 2465 utque
514 2402 593 2466 sup.)
612 2393 789 2468 Hindeutnnq
806 2405 854 2456 auf
868 2403 1040 2476 Calpurnius,
1059 2413 1157 2480 Aulus,
1177 2412 1311 2468 Metellae.

183 2481 269 2550 Atque
293 2499 341 2534 vor
365 2483 423 2534 dein
449 2484 544 2536 dritten
565 2485 667 2538 Nomen
692 2487 817 2542 scheinen
843 2490 901 2541 hier
923 2491 966 2543 die
989 2496 1081 2546 benten
1102 2495 1185 2550 cont.
1210 2499 1261 2552 alle
1278 2517 1312 2554 za

182 2567 278 2621 haben.
305 2567 397 2638 Vergl.
418 2570 484 2621 oben
505 2588 536 2621 nn
556 2571 646 2638 llll,
667 2577 691 2624 7.
728 2573 819 2626 Durch
838 2578 992 2644 atquotritt
1012 2579 1059 2632 des
1077 2581 1166 2634 Drittc
1184 2583 1250 2638 oder
1268 2584 1312 2638 die
1341 2590 1343 2594 '

182 2653 359 2722 Hindculung
377 2653 426 2706 anns
440 2653 565 2707 Metellus
584 2656 722 2725 steigernd
742 2659 793 2710 ein.

248 2737 373 2806 Deinde)
409 2740 493 2792 Diese
516 2742 634 2794 Paitike!
659 2743 764 2796 bezieht
786 2745 842 2797 sich
865 2748 938 2800 nicht
962 2751 1010 2802 alif
1029 2747 1158 2805 Primum
1182 2759 1310 2820 omnium,

181 2823 295 2876 sandorn
317 2825 365 2876 serf
381 2825 428 2878 das
447 2827 574 2880 zuinlchst
594 2827 834 2898 Vorhergehende:
853 2829 930 2886 Nam
947 2865 979 2875 -
999 2843 1091 2891 omniu
1108 2845 1275 2895 removistis.

249 2913 549 2978 47.·neque)li1rnen.
586 2914 646 2983 vgl.
667 2923 747 2967 nenton
767 2935 799 2968 zu
819 2923 880 2986 108,
901 2927 931 2988 ²3
950 2921 997 2973 Kc.
1017 2923 1038 2988 §.
1058 2929 1116 2976 511.
1135 2928 1165 2977 A.
1183 2931 1208 2978 3.

248 3000 368 3064 ceperit)
404 2999 497 3067 Vorgl.
518 2997 608 3050 Madv.
628 3000 676 3052 Gr.
697 3000 720 3066 §.
740 3005 808 3070 3863
827 3003 869 3056 W.
889 3003 911 3070 §.
933 3009 989 3056 175.
1009 3009 1041 3058 A.
1060 3015 1083 3057 2.

248 3097 342 3150 reteque
366 3097 466 3150 uosque
483 3112 515 3121 -
533 3089 652 3151 qerum)
693 3085 720 3136 S.
747 3087 805 3154 qu.
826 3095 880 3152 55,
908 3097 924 3140 1
951 3100 981 3142 ut
1004 3105 1084 3158 seque
1108 3103 1135 3145 et
1160 3095 1312 3151 coercitum

179 3180 293 3236 qenai-et.

249 3259 291 3306 48.
304 3255 433 3315 motura)
450 3249 583 3304 Maturus
592 3253 662 3304 steht
670 3253 709 3306 oft
718 3254 753 3304 im
766 3257 1001 3326 iibecgetrsgenen
1013 3257 1097 3311 Sinna
1108 3277 1158 3312 von
1170 3261 1242 3330 dem,
1252 3281 1311 3317 was

182 3341 258 3392 scinne
282 3339 352 3388 valle
370 3337 563 3406 Enlwicllnng
586 3339 703 3390 erhalten
727 3341 784 3406 hat,
811 3357 922 3392 wesen
942 3341 990 3395 der
1007 3343 1067 3396 zoit
1085 3346 1135 3413 ist,
1160 3365 1182 3398 n.
1202 3347 1232 3400 B.
1250 3347 1311 3403 bia.

182 3423 230 3491 ll,
252 3429 291 3478 63
309 3433 419 3476 motura
437 3425 547 3486 sertitt05
571 3419 691 3488 XXXV,
712 3428 752 3476 22
769 3435 879 3478 nectura
896 3443 982 3482 cuasa
999 3433 1080 3496 belli,·
1109 3431 1162 3486 lic.
1182 3431 1245 3502 Dio.
1266 3433 1309 3502 11,

181 3515 236 3574 30,
258 3511 296 3563 64
313 3507 411 3562 Elian
429 3505 498 3560 hirec
517 3508 646 3570 cunnos,
671 3523 739 3575 qnae
758 3513 816 3562 ium
833 3523 943 3566 motura
961 3519 1075 3580 uidetis5
1102 3519 1178 3571 Cart.
1202 3515 1272 3585 VII,
1292 3525 1312 3576 5

181 3599 221 3649 27
239 3598 334 3662 quibus
357 3605 468 3648 matura
491 3605 552 3646 erat
574 3597 686 3658 utissi05
712 3594 794 3646 daher
812 3595 881 3665 hier,
909 3600 960 3651 wie
979 3601 1026 3653 das
1045 3601 1184 3670 Folgende
1203 3606 1311 3672 collini,

180 3698 232 3732 von
252 3681 326 3747 dens,
348 3697 404 3732 was
422 3679 510 3730 sicher
528 3680 583 3731 nnd
601 3679 721 3748 sogleich
740 3697 892 3750 gewonncn
911 3684 1022 3736 werden
1041 3686 1122 3738 kann⁴

248 3769 297 3830 st)
321 3766 396 3824 steht
414 3766 457 3817 llis
478 3770 594 3819 etiamst.
633 3766 725 3836 vergi.
746 3766 801 3820 Cic.
819 3783 874 3835 pro
892 3767 969 3824 Mur.
990 3773 1022 3832 4,
1043 3776 1063 3824 8
1087 3771 1162 3837 Quae
1179 3777 1206 3825 si
1227 3789 1313 3826 causo

180 3868 235 3905 non
252 3863 335 3915 esset,
356 3862 446 3904 tumen
464 3855 507 3904 oet
524 3855 643 3918 niquitas
661 3853 793 3918 nominis,
813 3859 862 3906 ael*
873 3857 986 3908 tenoris
1004 3859 1077 3920 eius,
1101 3871 1180 3920 quem
1197 3861 1313 3924 adeptas

180 3947 235 4003 est,
261 3940 411 4004 ampl'tmlo
434 3952 571 3990 summam
588 3941 656 3990 mini
673 3937 820 4004 surperbiae
830 3943 1052 4006 amicitiamque
1069 3941 1177 4006 famam
1198 3946 1312 3997 inussis-

180 4034 240 4088 set5
265 4027 297 4076 cte
315 4022 378 4076 Seu.
400 4029 450 4085 11,
470 4027 510 4076 38
527 4037 596 4088 quoe
613 4027 640 4074 si
656 4027 770 4088 enseque·
786 4027 941 4087 nequirem,
968 4035 1059 4077 tamen
1076 4039 1124 4078 me
1136 4031 1250 4080 lecimus
1268 4033 1311 4082 oie

182 4112 296 4162 mucra
312 4123 388 4161 meus
406 4123 439 4160 eu
459 4111 520 4174 insu
537 4110 707 4173 coqitanteun
749 4107 785 4158 lm
806 4108 961 4177 Fulgenden
980 4110 1146 4176 schmnnken
1160 4112 1205 4181 elic
1223 4115 1314 4168 Hand-

182 4194 308 4246 schriflen
333 4193 469 4246 zwisolren
494 4195 618 4254 decelat,
645 4195 764 4262 iccium,
792 4195 875 4244 decet.
910 4193 963 4246 Die
987 4210 1104 4246 neneren
1122 4197 1313 4268 Heroungebcr

183 4278 269 4332 haben
287 4279 344 4332 sich
364 4279 412 4332 mit
430 4278 512 4330 Recht
530 4275 730 4346 griistcntheils
748 4277 793 4328 fiir
809 4279 919 4330 deccbcn
937 4279 1115 4332 cntsohieden.
1143 4282 1234 4352 vergi.
1252 4283 1311 4335 dar-

181 4365 249 4416 iiher
267 4365 298 4416 Z.
318 4365 339 4430 ᾗ,
358 4367 418 4418 519.
438 4380 462 4413 a.
481 4363 527 4430 Eq
548 4360 639 4414 Madv.
659 4361 680 4427 §.
701 4365 758 4413 348.
779 4377 818 4428 o.;
838 4362 920 4429 qu.
940 4366 997 4416 463.
1019 4371 1047 4431 23
1066 4365 1128 4417 Sch.
1148 4383 1172 4433 p,
1191 4369 1252 4419 cco.
1303 4404 1306 4414 .

250 4452 291 4503 49.
310 4453 412 4518 oeeaqio³
429 4453 489 4522 uti)
522 4444 618 4516 Maqie,
635 4446 693 4504 hier
712 4443 833 4500 offenbar
849 4448 886 4500 im
905 4447 990 4518 Sinna
1008 4465 1059 4500 von
1076 4453 1177 4518 notius.

1040 4534 1107 4597 22*
