3020 5094
406 337 455 391 DE
474 337 595 392 BELLO
613 338 851 394 lUGURTHlNO
870 339 946 395 clo.
965 341 1023 395 vll.
1221 347 1281 406 1⁷³

215 511 286 574 llll.
321 513 379 574 llis
404 508 659 576 difficultatibus
683 517 929 578 circumventus
952 516 1009 578 ubi
1031 515 1138 595 videt,
1169 533 1282 597 neque

150 633 212 697 per
234 617 300 677 vim
323 633 433 699 neque
456 616 587 678 insidiis
606 621 746 701 opprimi
764 637 867 702 posse
890 620 1056 682 hominem
1078 624 1147 680 tam
1165 635 1283 700 accep-

149 725 221 780 tum
250 718 491 801 popularibus,
522 721 611 802 quod
635 727 708 784 erut
731 721 895 805 iugurtha
923 741 1021 784 manu
1046 727 1220 806 promptus
1250 725 1284 782 et

150 827 318 904 appetens
342 823 472 907 gloriae
496 822 661 905 militaris,
686 828 805 886 statuit
828 842 904 887 eum
928 827 1099 889 obiectare
1122 807 1283 908 periculis

150 930 186 986 et
200 943 242 986 eo
268 925 365 987 modo
389 922 557 988 fortunam
580 932 720 990 tentare.
760 928 869 1012 Igitur
890 929 980 991 bello
1002 931 1199 992 Numantino
1223 927 1282 990 Μίἑ
1306 933 1325 990 2

150 1032 248 1112 oipsa
272 1047 374 1112 quum
396 1029 521 1112 populo
545 1031 694 1093 Romano
719 1034 870 1114 equitum
892 1038 995 1115 utque
1018 1033 1167 1116 peditum
1191 1033 1283 1093 auxi-

149 1132 197 1193 lio
213 1135 379 1213 mitteret,
404 1151 563 1215 sperans,
578 1134 642 1195 ·vel
665 1136 865 1197 ostentando
885 1138 1043 1198 virtutem
1066 1135 1121 1198 vel
1138 1137 1284 1197 hortium

149 1237 296 1298 saevitia
325 1233 427 1298 facile
455 1253 533 1298 eum
562 1254 779 1319 occasurum,
811 1237 976 1320 praefecit
998 1239 1167 1318 Numidis,
1198 1255 1283 1321 quos

149 1342 182 1401 in
205 1339 401 1421 Hispaniam
424 1341 589 1402 mittebat.
635 1340 703 1402 Sed
732 1360 774 1404 ea
796 1359 853 1404 res
878 1341 979 1426 longe
1004 1341 1102 1403 aliter
1125 1361 1164 1403 ao
1187 1343 1326 1406 retusi

149 1448 226 1504 erat
255 1445 376 1505 evenit.
422 1444 503 1504 Nom
530 1443 714 1527 Iugurtha,
743 1450 780 1506 ut
808 1450 881 1506 erat
910 1447 1052 1529 impigro
1082 1451 1185 1527 utque
1216 1445 1326 1504 acril

149 1548 306 1630 ingenio,
338 1547 395 1606 ubi
418 1549 570 1608 naturam
594 1547 628 1608 P.
654 1549 837 1630 Scipionis,
869 1551 1019 1630 quitum
1041 1549 1201 1609 Romanis
1224 1549 1282 1608 im-

149 1652 289 1730 perator
317 1653 407 1728 erat,
440 1654 476 1710 et
502 1667 626 1711 morem
655 1651 802 1712 hostium
831 1654 1004 1734 cognovit,
1037 1650 1142 1712 multo
1166 1648 1282 1712 labore

147 1750 324 1834 multoque
348 1769 446 1830 cura,
470 1756 649 1834 praeterea
668 1753 928 1816 modestissume
948 1754 1097 1836 parendo
1121 1758 1155 1813 et
1178 1769 1280 1834 saepe

148 1855 283 1919 obviam
306 1854 416 1917 eundo
440 1854 602 1936 periculis
626 1856 658 1916 in
682 1860 811 1918 tantam
835 1855 1068 1920 claritudinem
1091 1856 1184 1917 brevi
1207 1871 1281 1936 per-

146 1962 306 2037 venerat,
336 1962 373 2018 ut
395 1959 520 2018 nostris
543 1958 759 2020 vehementer
788 1977 903 2040 carus,
932 1961 1141 2021 Numantinis
1162 1976 1281 2042 ‚inexu-

145 2079 201 2122 mo
231 2063 352 2122 terrori
378 2066 483 2122 esset.
529 2063 572 2122 dc
602 2079 702 2141 sane,
735 2062 825 2145 quod
854 2059 1095 2124 difficillumum
1120 2062 1279 2144 imprimis
1303 2062 1322 2120 5

147 2231 278 2284 schriften
298 2230 402 2302 getilgt.
437 2229 474 2281 Es
498 2228 597 2282 ludunte
617 2230 765 2302 ullordings
784 2232 907 2285 enthelut
925 2232 1049 2300 worden3
1074 2230 1200 2284 indcssen
1219 2227 1282 2280 lissi
1354 2217 1357 2222 ¹

147 2317 206 2370 siclt
225 2316 292 2369 doch
311 2316 431 2383 donico,
456 2315 515 2367 duis
533 2315 634 2368 Sallust
657 2317 727 2369 blois
755 2317 807 2370 den
826 2318 884 2371 Full
904 2319 979 2371 ciuer
996 2315 1193 2386 liiuterlistigeu
1211 2314 1282 2367 'liid-

147 2411 218 2474 tong
240 2402 393 2471 lugurthu’s
418 2402 458 2453 als
479 2397 628 2470 geffihrlich
656 2404 760 2472 eugub,
795 2405 858 2456 weil
883 2421 913 2456 es
935 2403 993 2456 sich
1020 2401 1091 2455 duim
1115 2418 1168 2454 von
1197 2401 1281 2453 selbot

147 2489 290 2556 versiam,
319 2488 378 2540 duis
396 2488 578 2560 Anwendung
601 2488 703 2542 offcner
721 2489 830 2542 Gewult
854 2491 921 2542 noclr
945 2489 1000 2542 vicl
1017 2489 1142 2560 weniger
1163 2479 1281 2540 rathsum'

146 2593 216 2628 wor.
252 2575 290 2628 Er
307 2574 406 2627 konnte
424 2574 507 2627 daher
524 2574 559 2627 ini
578 2573 736 2645 Folgenden
756 2576 917 2643 fortfolrren,
944 2577 984 2630 uls
1005 2578 1039 2628 ob
1058 2575 1125 2630 auch
1144 2575 1282 2628 Letzteres

146 2661 272 2715 erwihut
290 2660 400 2713 worden
418 2662 502 2713 wire.

217 2749 286 2816 Knp.
306 2746 363 2799 vll.
391 2754 414 2798 t.
440 2739 566 2814 pervim
586 2775 614 2786 ·-
635 2749 768 2814 insidiis)
795 2747 859 2800 s.z.
876 2747 935 2803 Cot.
956 2756 989 2817 9,
1010 2748 1100 2803 dumi
1121 2751 1173 2815 12,
1192 2753 1211 2800 5
1229 2744 1282 2798 liud

147 2833 238 2902 vergi.
253 2832 313 2901 Iup.
330 2836 382 2898 23,
404 2829 421 2885 1
439 2843 488 2885 out
504 2847 555 2899 per
573 2836 631 2886 cim
648 2844 698 2886 out
715 2837 789 2887 dolie
806 2843 928 2900 tentam
945 2839 999 2901 86,
1020 2840 1039 2889 3
1058 2834 1093 2888 Id
1110 2835 1216 2902 foetum
1232 2833 1284 2885 olii

148 2923 248 2987 inopia
264 2922 409 2982 donorum,
435 2923 489 2972 olii
504 2934 555 2986 per
571 2923 747 2974 ambitionem
766 2921 891 2974 Consulis
909 2924 1115 2985 memorotont5
1141 2923 1215 2984 102,
1237 2921 1283 2970 11.

220 3008 292 3073 quod
308 3015 370 3058 etot
386 3006 455 3069 etc.)
474 3005 574 3057 Dieser
592 3007 655 3058 Sotz
674 3007 738 3076 geht
756 3007 886 3059 nutiirliclr
906 3006 956 3060 uui
970 3005 1018 3058 dos
1037 3005 1192 3076 Folgende,
1210 3002 1283 3055 nieht

148 3092 200 3146 ud
213 3091 262 3144 dus
281 3090 525 3162 Vorhergolreude‚
545 3091 599 3144 wie
617 3092 715 3162 liiuigo
733 3091 871 3145 lilschliclr
890 3093 1003 3144 meinen.

218 3177 362 3246 fortunam
378 3178 502 3241 tentore)
525 3177 601 3230 liben
620 3195 650 3230 so
671 3179 730 3233 Cot.
750 3185 799 3244 57,
820 3185 839 3233 5
844 3195 856 3244 ‚¹
876 3178 936 3246 Ilm.
953 3181 1001 3240 61,
1023 3183 1057 3241 1,·
1078 3177 1219 3244 foreimom
1236 3189 1282 3227 eo·
1381 3183 1383 3189 ⁴

146 3267 242 3333 periri
258 3263 318 3332 Iup.
339 3269 387 3328 63,
410 3272 436 3330 1,
458 3263 511 3316 und
530 3263 622 3334 liiiulig
641 3263 708 3316 aricii
726 3264 770 3316 boi
789 3264 889 3316 undem
909 3261 1130 3315 Schrilistellern.

219 3357 245 3401 2.
263 3353 332 3402 delio
351 3348 538 3416 Numantino)
561 3350 590 3402 Ρ.
605 3349 695 3418 Scipio
714 3350 802 3402 ftihrte
824 3349 851 3400 in
870 3348 922 3400 den
941 3348 1042 3403 Jahren
1061 3348 1141 3402 Roms
1159 3349 1210 3401 uuo
1229 3345 1281 3399 und

147 3441 198 3490 oui
220 3437 260 3501 (v.
283 3435 345 3489 Chr.
365 3439 416 3488 1³⁴
433 3436 485 3489 und
505 3439 568 3500 1³³)
592 3434 644 3486 den
662 3435 750 3504 Krieg
768 3451 858 3505 gegen
876 3435 1029 3487 Numantia.
1065 3436 1096 3487 In
1114 3435 1163 3487 dos
1182 3440 1283 3486 erstem

148 3522 218 3576 John
236 3521 293 3574 tiillt
311 3521 534 3574 walirscheinliclr
553 3519 596 3574 die
614 3520 781 3587 Absendung
799 3519 951 3590 lugurtlm’s
970 3520 1038 3573 noch
1059 3520 1187 3591 Sponden.

219 3613 244 3663 4.
269 3619 300 3660 ut
317 3619 378 3661 erat
396 3610 463 3675 imp.
483 3637 515 3648 -
532 3610 606 3675 imp.)
637 3605 730 3676 Vergl.
750 3623 782 3658 zu
801 3604 861 3659 Cot.
880 3612 934 3672 31,
956 3613 984 3662 7.

220 3693 257 3746 Ρ.
281 3693 418 3762 Scipionis
420 3695 440 3758 )
477 3691 514 3747 P.
541 3693 627 3748 heheu
656 3691 749 3762 einigc
770 3691 981 3744 liundsclnriiteu
1011 3690 1092 3744 uicini.
1134 3691 1208 3742 Aber
1235 3688 1283 3740 der

149 3777 286 3831 Vornume
309 3778 381 3831 kann
409 3779 480 3857 hier,
507 3795 551 3832 wo
578 3777 667 3831 dieser
690 3778 780 3848 Scipio
807 3779 834 3831 iu
858 3777 906 3831 dor
928 3777 1082 3845 Emiihlung
1108 3791 1166 3827 zum
1194 3779 1283 3826 ersten

151 3863 226 3916 Molo
245 3865 367 3918 erwilmt
385 3865 470 3932 wind,
490 3864 558 3918 noch
577 3864 702 3918 Sallust's
721 3859 901 3917 G'ewohnheit
919 3863 992 3915 nieht
1008 3861 1106 3914 fehlen.

219 3955 266 4017 qui
284 3947 448 4017 tum-erat)
474 3951 550 4003 Kritz
568 3950 614 4004 hot
632 3967 681 4003 uus
699 3951 807 4021 einigen
821 3945 1031 4003 liundsclirill'cn
1049 3957 1112 4000 tuno
1128 3947 1284 4017 antigonum·

153 4051 230 4103 men,
251 4036 285 4088 du
303 4038 361 4089 hier
378 4038 451 4090 nicht
468 4037 627 4090 Fortseluritt
651 4035 715 4089 oder
732 4037 818 4106 Fulge
840 4035 1011 4100 bezeichnet,‘
1035 4033 1151 4086 sondern
1178 4034 1221 4085 ein
1239 4035 1284 4085 be·

149 4122 283 4175 stimmter
300 4121 443 4192 Zeitpunki
462 4121 641 4193 lostgelmlten
661 4122 744 4190 wind,
764 4123 791 4174 in
810 4120 940 4174 welchem
957 4119 1133 4189 gleicltzeitig
1143 4118 1283 4172 verschie-

148 4207 235 4260 deucs
254 4208 595 4276 (iugorihuunutenthutt
613 4225 662 4261 vor
678 4208 823 4262 Numantia
842 4233 876 4246 -
894 4206 1008 4276 Scipio's
1022 4205 1205 4272 Oberbffehl)
1221 4209 1285 4257 steti

148 4292 223 4346 lund.
267 4293 304 4345 Es
327 4294 431 4348 soheint
448 4293 558 4362 jedoch',
590 4294 648 4347 duis
671 4296 697 4347 in
722 4295 822 4348 diesem
850 4294 933 4347 Siuno
961 4292 1027 4346 uuch
1054 4302 1113 4345 tum
1136 4289 1284 4364 gebraucld

151 4377 261 4446 wuido,
280 4380 352 4432 nicht
370 4383 436 4434 uber
453 4380 609 4452 unigclehrt
627 4381 669 4433 bei
687 4379 846 4434 Fortsehritt
864 4380 929 4433 oder
946 4375 1036 4450 Folge'
1049 4389 1121 4433 tunc.

176 4463 186 4480 '
220 4472 244 4520 s
272 4463 478 4535 difficillumum
495 4469 650 4536 imprimis)
669 4466 771 4522 Sallust
788 4467 920 4522 vorstirld
933 4467 1024 4522 iiilers
1039 4463 1183 4522 dcimam
1200 4459 1282 4514 durclr
