3042 5100
244 363 308 424 m
639 353 670 408 c.
689 350 872 408 sunnusrr
891 349 1009 406 cnrsrr

202 531 403 598 ilNumidas
436 533 510 594 sine
543 529 689 592 tumultu
722 531 815 612 regis
848 528 1012 610 proelium
1045 531 1168 590 risere.
1224 529 1275 590 lta
1307 528 1379 590 illis
1484 549 1485 610 3

245 635 359 700 studio
383 651 522 697 suorum
545 635 715 712 astrictis,
738 636 878 714 repente
903 649 1026 716 magna
1048 634 1080 692 vi
1102 649 1233 693 murum
1256 631 1379 716 adgre-

245 739 351 819 ditur,
381 743 415 800 et
442 736 642 804 iamscalis
672 737 806 820 egressi
833 734 957 797 milites
986 717 1250 817 prope‘summa
1278 753 1379 818 cepe-

243 846 342 922 rant,
375 859 476 923 quum
510 839 668 922 oppidani
701 843 924 919 concurrunt,
959 837 1114 920 lapides,
1145 839 1277 922 ignem,
1310 839 1380 900 alia
1484 829 1485 842 d

201 951 423 1028 ipraeterea
450 943 521 1006 tela
543 946 710 1027 ingerunt.
755 943 867 1003 Nostri
896 943 1001 1024 primo
1030 943 1212 1022 resistcre3
1243 941 1379 1023 deinde,
1484 927 1485 984 ἶ

245 1050 303 1111 ubi
325 1065 413 1109 unae
437 1053 540 1130 atque
564 1047 694 1108 alterae
718 1044 833 1106 scalae
858 1046 1097 1124 comminutae,
1123 1047 1179 1126 qui
1203 1050 1380 1127 superste-

244 1155 372 1231 terant,
397 1149 524 1212 adflicti
547 1155 642 1230 sunt,
668 1151 790 1228 ceteri,
815 1146 1069 1231 quoquomodo
1093 1153 1254 1232 potuere,
1278 1153 1381 1232 pauci

202 1259 224 1320 8
245 1255 388 1339 integri,
413 1272 537 1338 magna
559 1271 638 1336 pars
663 1252 856 1314 volneribus
880 1247 1025 1313 confecti
1048 1253 1183 1316 abeunt.
1223 1254 1381 1336 lienique

247 1360 414 1439 utrimque
437 1356 601 1440 praelium
625 1375 689 1418 nox
714 1356 855 1418 diremit.

309 1494 389 1558 lxi.
434 1494 610 1576 Metellus,
640 1500 820 1578 postquam
843 1493 935 1555 videt
953 1490 1080 1554 frustra
1103 1496 1288 1578 inceptum,
1326 1513 1381 1554 ne·
1484 1563 1485 1574 ἢ

247 1615 313 1682 que
337 1598 495 1681 oppidum
520 1601 610 1682 capi,
642 1616 751 1680 neque
775 1595 989 1681 Iugurtham,
1016 1599 1078 1658 nisi
1102 1615 1142 1657 cx
1165 1597 1296 1659 insidiis
1323 1603 1382 1658 aut

247 1719 310 1763 suo
334 1701 409 1762 loco
433 1720 581 1785 pugnam
599 1698 738 1780 iacere,
769 1705 804 1762 et
832 1703 897 1761 iam
921 1705 1087 1763 aestatem
1111 1705 1262 1762 exactam
1286 1719 1380 1780 esse,

248 1804 289 1865 ab
306 1805 408 1866 Zama
429 1803 574 1865 discedit
594 1808 628 1864 et
651 1805 683 1863 in
706 1806 748 1864 iis
768 1805 926 1884 urbibus,
952 1822 1038 1886 quae
1060 1803 1102 1865 ad
1126 1821 1164 1865 se
1184 1800 1383 1865 defecerant

248 2019 451 2030 m-

316 2165 341 2214 ii.
359 2165 446 2216 seniis
462 2162 583 2228 egressi)
603 2159 653 2214 di.
669 2158 799 2212 nachdem
817 2159 857 2212 sie
876 2159 926 2212 auf
939 2159 1048 2214 Leitern
1069 2161 1304 2231 emporgestiegeu
1325 2179 1381 2214 wu-

247 2264 303 2302 ren.
340 2247 433 2318 Vergl.
452 2265 484 2298 zu
504 2244 564 2314 luy.
584 2251 636 2312 93,
657 2249 685 2299 2.
1061 2316 1064 2321 ι

314 2339 341 2387 7.
358 2343 529 2400 canentque
546 2331 669 2395 alterae)
704 2331 798 2401 Vergl.
817 2331 876 2400 luy.
896 2337 948 2398 93,
969 2335 989 2385 2
1006 2345 1124 2400 quarum
1140 2347 1223 2400 quum
1239 2350 1324 2388 tntum
1341 2345 1381 2389 at-

246 2435 296 2489 que
319 2425 451 2484 suerum,
476 2421 539 2472 dein
560 2421 651 2485 nterii
671 2427 791 2485 peterem
819 2416 873 2472 Cic.
890 2433 943 2485 nro
962 2416 1066 2472 curent.
1087 2426 1138 2485 13,
1158 2426 1199 2475 38
1223 2421 1275 2488 Qui
1297 2435 1383 2488 quum

246 2521 330 2562 enum
347 2510 405 2560 iam
421 2516 449 2560 et
465 2510 584 2560 aiterum
600 2505 674 2556 dnm
691 2507 911 2568 desiderantur,-
928 2502 1008 2558 anr.
1020 2503 1085 2571 111,
1102 2512 1134 2572 9,
1155 2509 1175 2559 2
1192 2511 1218 2560 si
1235 2521 1314 2575 quem
1331 2511 1380 2562 titi

245 2607 330 2648 unum
346 2597 499 2646 alterumve
516 2593 588 2644 diem
605 2592 763 2654 atnnnnn
785 2587 845 2642 Lic.
863 2588 904 2655 X,
924 2593 971 2644 34.

314 2681 517 2742 cmnmtnutae)
558 2675 748 2729 Omrimimiere
774 2677 981 2742 zertriimmern,
1014 2676 1068 2730 wie
1093 2675 1147 2730 Cic.
1170 2676 1233 2732 Pis.
1258 2685 1313 2746 38,
1340 2686 1380 2736 33
1484 2685 1485 2694 ’

246 2773 368 2818 statutam
381 2765 535 2828 deturbant,
555 2763 692 2829 affligunt,
713 2765 906 2827 comminuunt,
926 2765 1078 2830 mennam
1102 2763 1182 2820 Verr.
1192 2764 1212 2819 1
1215 2764 1246 2832 V,
1265 2769 1306 2820 25
1310 2806 1320 2834 ,
1339 2772 1380 2822 33

246 2854 364 2904 nannius
381 2863 495 2912 ameris,
514 2862 593 2916 quem
609 2849 738 2912 latebat,
757 2849 867 2915 fractus
884 2857 925 2901 eet
942 2859 969 2902 et
986 2839 1177 2904 comminutud.

314 2935 383 3004 Kap.
401 2934 474 2988 LXI.
513 2941 535 2986 l.
554 2935 681 3001 frustra)
700 2933 814 2986 nimlich
831 2949 902 2986 esee.

314 3022 460 3083 nwlocc)
497 3019 526 3072 S.
546 3037 579 3072 zu
597 3018 658 3088 Iam⁸
678 3020 730 3085 54,
750 3025 778 3073 8.

313 3111 398 3162 iniis
415 3107 549 3168 urbibus)
585 3105 730 3176 Imponere
751 3109 779 3160 in
800 3110 837 3160 ul.
863 3121 895 3159 re
918 3105 1000 3160 findet
1023 3107 1080 3160 sicli
1104 3108 1148 3161 bei
1167 3108 1269 3161 Sallust
1288 3109 1379 3162 arriser

245 3194 334 3248 dieser
352 3193 437 3246 Sicllc
459 3193 549 3259 nicht,
576 3191 692 3245 eundern
711 3209 740 3245 er
758 3192 898 3246 verbindet
916 3200 991 3247 scusi
1008 3193 1310 3263 imponerecniweder
1332 3194 1380 3246 mit

245 3280 304 3333 dem
323 3280 417 3345 Dativ,
445 3278 606 3331 namentlich
629 3278 724 3330 immer
744 3279 788 3330 bei
807 3279 960 3345 Personat,
985 3279 1050 3332 oder
1072 3281 1121 3332 mit
1144 3279 1195 3332 den
1214 3278 1376 3346 Aduerbieu,

244 3367 273 3420 in
295 3365 382 3418 denen
406 3364 449 3416 die
467 3364 635 3433 Priipositicn
653 3369 680 3417 in
699 3366 745 3417 ruit
765 3365 823 3418 dem
845 3364 941 3418 Accaus.
965 3367 1047 3435 liegt,
1075 3368 1129 3419 wia
1151 3371 1216 3432 leuc,
1243 3381 1288 3429 ec,
1314 3381 1376 3432 quc.

244 3453 304 3505 Dus
321 3449 391 3504 blois
409 3449 496 3500 lokale
513 3452 543 3502 in
560 3450 606 3502 mit
624 3449 683 3502 dem
697 3449 786 3506 Atini.
806 3453 841 3505 ist
859 3453 917 3504 hier
935 3453 1017 3504 durch
1037 3453 1079 3504 dle
1095 3452 1379 3521 Uebercinsiimmung

246 3539 301 3590 fast
324 3534 390 3588 aller
414 3533 624 3587 Haudsehriften
649 3536 702 3588 und
728 3537 812 3590 durch
837 3537 880 3591 die
906 3539 1047 3591 dhnlichen
1067 3537 1167 3590 Stellen
1190 3539 1235 3590 bei
1259 3536 1376 3589 anderen

245 3621 456 3676 Schriftstellern
480 3619 627 3690 geschiitzt.
663 3622 755 3690 Vergl.
781 3620 836 3676 Cic.
861 3621 928 3676 Nat.
952 3623 988 3676 Ι).
1008 3623 1039 3684 1,
1059 3628 1099 3678 20
1104 3663 1113 3690 ,
1135 3626 1174 3678 54
1198 3621 1378 3691 imposuistis

244 3712 273 3762 in
289 3710 442 3762 cervicibus
458 3709 563 3762 nustria
580 3711 777 3774 reniniiernum
794 3712 951 3774 dommum,-
969 3708 1039 3778 Nep.
1059 3709 1131 3763 Cim:
1144 3707 1197 3775 IV,
1219 3717 1236 3762 1
1253 3720 1284 3762 ut
1301 3725 1376 3762 num-

244 3809 327 3863 quam
344 3798 374 3847 in
391 3797 481 3847 inertie
498 3794 636 3846 tantotiens
655 3796 833 3862 imposuerim
857 3782 919 3848 niv.
941 3794 1028 3859 VIII,
1048 3799 1088 3850 23
1105 3798 1176 3865 quod
1192 3799 1330 3850 odoarium
1347 3799 1377 3848 in

245 3877 412 3934 Samnitium
429 3894 498 3947 aare
515 3882 674 3946 imposuerit
680 3897 692 3944 ,⁰
712 3877 852 3943 XXXVI,
873 3884 919 3934 12.

311 3968 349 4020 ud
365 3970 412 4032 ee)
447 3965 500 4018 Die
519 3966 630 4018 meisten
650 3964 748 4020 codd:
770 3969 805 4020 ei
822 3981 860 4020 ae.
895 3966 956 4036 Vgl.
976 3983 1007 4020 zu
1028 3967 1061 4020 K.
1081 3973 1110 4035 8,
1131 3974 1155 4020 1.
1192 3967 1257 4020 Men
1276 3967 1375 4020 linnle

244 4051 374 4122 dirigens
391 4067 460 4120 quae
477 4054 515 4106 ud
531 4067 561 4106 ce
577 4053 742 4120 defecissent
760 4052 825 4106 oder
842 4067 912 4120 nune
926 4055 964 4108 cul
978 4068 1040 4108 eum
1055 4057 1212 4122 defecerant
1230 4059 1374 4108 erwartcn.

242 4137 320 4190 Doclr
345 4137 406 4190 sind
429 4137 552 4190 iilrnlichc
576 4137 693 4206 Stellen,
720 4155 763 4192 wo
787 4141 874 4192 neben
897 4139 957 4192 dem
981 4139 1144 4194 Reilexirum
1170 4141 1219 4192 der
1242 4139 1375 4192 lndilrativ

242 4223 326 4290 stelit,
345 4222 388 4274 bei
407 4221 508 4276 Sallust
525 4223 579 4276 und
598 4224 724 4276 Auderen
743 4225 816 4278 nicht
833 4226 926 4280 seiten.
962 4227 1054 4296 Vargl.
1073 4227 1133 4295 luy.
1149 4232 1187 4282 66
1191 4265 1201 4291 ,
1219 4233 1236 4279 1
1253 4239 1323 4292 quae
1339 4230 1374 4279 ab

241 4326 272 4365 se
289 4308 462 4377 defeceram
483 4314 555 4372 103,
575 4313 778 4378 trenurardo,
799 4327 868 4378 quine
885 4315 938 4365 sili
955 4315 1059 4366 danius
1074 4316 1193 4380 proeliis
1209 4322 1372 4375 euenerant3

242 4395 304 4452 hie.
325 4391 466 4459 XXXIX,
487 4399 526 4448 23
544 4398 613 4448 med.
632 4400 678 4463 qui
694 4395 880 4452 Macedonum
897 4401 931 4452 ni
950 4414 980 4452 se
1002 4402 1161 4466 defecerunt
1181 4401 1210 4454 in
1231 4401 1308 4454 telio.
1345 4397 1372 4450 S.

242 4501 274 4535 zu
295 4480 354 4550 luy.
373 4485 428 4545 38,
448 4485 467 4534 9
486 4477 538 4530 und
558 4482 611 4544 54,
633 4488 664 4546 1,·
686 4482 716 4532 Ζ.
736 4483 758 4548 §.
778 4486 844 4550 55⁰3
863 4482 954 4537 Madv.
974 4482 997 4548 §.
1017 4487 1075 4536 481.
1093 4487 1126 4536 Α.
1144 4489 1169 4536 3.
