3020 5094
221 337 285 396 168
610 325 641 379 C.
661 319 841 377 subtusa!
860 319 977 376 CRlSPl

178 508 315 568 tuerit.
360 507 540 566 utcontra
571 504 647 585 quis
676 501 731 562 est
754 500 898 560 omniurn
926 495 979 558 his
1002 499 1169 578 moribus,
1201 501 1280 580 quin
1305 499 1354 560 di-

220 587 311 670 vitiis
340 612 374 669 et
401 605 608 688 sumptibus,
647 623 712 664 non
742 602 910 684 probitate
941 618 1051 683 neque
1079 601 1245 662 industria
1278 621 1355 663 curn

220 711 403 774 maioribus
426 712 499 771 suis
517 704 722 768 contendat?
753 705 860 767 Etiam
877 705 1029 765 homines
1054 707 1145 785 novi,
1172 707 1228 787 qui
1252 709 1356 767 antea

220 832 281 897 per
297 815 454 875 virtutem
478 811 569 872 soliti
593 813 689 872 erant
713 809 921 870 nobilitatem
941 809 1155 888 antevenire,
1181 803 1296 869 furtim
1319 813 1356 870 et

220 935 282 999 per
309 917 488 978 latrocinia
515 916 628 996 potius
658 930 757 994 quarn
785 912 882 972 bonis
914 912 1044 972 artibus
1073 910 1115 971 ad
1150 913 1291 994 imperia
1319 917 1356 972 et

177 1019 366 1081 Shonores
398 1021 565 1098 nituntur3
600 1015 739 1098 proinde
764 1015 864 1096 quasi
892 1018 1054 1096 praetura
1085 1018 1119 1074 et
1153 1015 1354 1076 consulatus

222 1127 324 1205 atque
353 1120 421 1182 alia
451 1122 561 1180 ornnia
589 1117 822 1180 huiuscemodi
849 1134 910 1200 per
938 1134 976 1178 se
1006 1119 1081 1197 ipsa
1111 1116 1203 1179 clara
1226 1122 1262 1178 et
1285 1137 1354 1179 ma-

221 1225 343 1307 gnifica
365 1226 449 1302 sint,
475 1241 514 1282 ac
536 1241 600 1282 non
624 1221 761 1303 perinde
785 1220 989 1298 habeantur,
1014 1223 1051 1279 ut
1073 1237 1205 1300 eorurn,
1232 1224 1288 1304 qui
1313 1240 1355 1282 ea

179 1329 199 1386 9
222 1330 410 1406 sustinent,
438 1328 546 1386 virtus
571 1328 633 1384 est.
679 1325 802 1386 Verum
830 1341 895 1405 ego
919 1321 1059 1383 liberius
1084 1321 1255 1406 altiusque
1278 1343 1356 1406 pro-

222 1433 331 1510 cessi,
357 1429 434 1490 dum
456 1447 509 1490 me
533 1429 680 1488 civitatis
703 1445 832 1488 rnorurn
855 1427 949 1508 piget
971 1424 1176 1506 taedetque3
1200 1445 1288 1487 nuno
1312 1427 1356 1488 ad

222 1537 390 1615 inceptum
413 1531 527 1592 redeo.

286 1636 323 1696 V.
365 1634 495 1696 Bellum
527 1636 716 1716 scripturus
750 1651 841 1710 sum,
878 1631 967 1714 quod
997 1630 1144 1713 populus
1182 1631 1355 1694 Romanus

224 1757 298 1799 curn
329 1736 512 1820 Iugurtha,
547 1755 629 1818 rege
661 1736 894 1813 Numidarum,
933 1737 1060 1817 gessit:
1101 1736 1242 1816 prirnurn
1275 1739 1357 1818 quia

223 1859 382 1923 inagnum
411 1845 445 1900 et
473 1844 569 1899 atrox
597 1841 757 1921 variaque
785 1841 926 1899 victoria
947 1834 1027 1918 fuit,
1061 1837 1136 1899 dein
1167 1841 1246 1919 quia
1274 1842 1356 1899 tunc

181 1949 201 2004 2
225 1945 366 2026 primurn
389 1943 571 2023 superbiae
595 1941 780 2002 nobilitatis
805 1943 935 2004 obviarn
959 1943 1039 2000 iturn
1066 1945 1135 2020 est,
1167 1959 1254 2022 quae
1278 1961 1356 2002 con-

222 2047 330 2106 tentio
360 2044 471 2105 divina
500 2049 534 2104 et
563 2044 708 2104 humana
735 2049 856 2105 cuncta
883 2046 1079 2125 permiscuit
1108 2059 1216 2125 eoque
1239 2063 1356 2106 vecor-

224 2148 299 2210 diae
323 2149 509 2229 processit,
539 2149 587 2208 utl
611 2147 733 2208 studiis
757 2146 912 2209 civilibus
933 2146 1060 2208 belluni
1084 2151 1186 2229 atque
1210 2150 1356 2208 vastitas

225 2345 426 2357 *m

221 2475 309 2544 gande
326 2473 390 2526 Sala
409 2469 446 2525 Αι
463 2483 560 2526 contro
579 2481 628 2524 etc.
646 2471 731 2540 zeigt,
751 2470 810 2522 dass
828 2470 863 2522 irn
876 2468 1121 2540 Verbergehenden
1136 2471 1178 2523 eiu
1191 2471 1360 2542 Wctikunrpf

220 2561 267 2612 urit
290 2559 341 2611 den
361 2559 511 2610 Vorfahren
536 2558 658 2610 erwtibnt
681 2557 792 2609 worden
818 2557 865 2623 ist,
892 2556 952 2608 cirre
970 2557 1160 2625 Erwiibnung,
1188 2556 1231 2608 die
1253 2574 1304 2609 nur
1327 2559 1355 2608 in

221 2645 272 2698 den
290 2644 442 2712 fraglioben
455 2644 565 2695 Worten
584 2643 674 2712 liegen
693 2644 772 2696 laun.
789 2653 791 2657 '
808 2643 967 2695 Aulserdenr
987 2643 1091 2694 mdcbte
1110 2643 1177 2694 anch
1196 2647 1356 2710 adaequare

220 2731 326 2795 eliquia
336 2729 370 2779 im
383 2728 467 2778 Sinna
485 2743 538 2778 von
557 2730 712 2796 adaequare
730 2730 782 2780 sibi
798 2730 905 2795 αιιαιιιιι
922 2727 988 2780 odor
1005 2732 1118 2798 dignum
1135 2747 1157 2782 a.
1176 2745 1230 2796 por
1247 2731 1356 2797 aliquid

221 2817 330 2881 assequi
348 2813 382 2863 irn
402 2812 642 2882 Spracbgebrauch
662 2814 734 2866 nicht
752 2814 903 2883 begriindet
920 2815 987 2866 sein.

289 2904 314 2952 7.
333 2897 370 2950 At
387 2901 503 2960 contre)
540 2899 569 2950 S.
589 2916 621 2950 zu
640 2898 699 2952 θαι.
716 2903 767 2964 12,
788 2907 816 2953 5.

289 2988 333 3037 bis
352 2986 491 3047 erroribus)
511 2987 539 3036 bi
559 2983 621 3036 “die
641 2985 902 3055 gegonwiirtigon...
938 2986 1029 3038 Ueber
1047 2985 1098 3038 den
1117 2986 1207 3040 Atat.
1227 2989 1313 3039 absol.
1333 3005 1355 3040 s.

221 3089 255 3125 zu
275 3071 333 3125 θαι.
356 3077 406 3136 11,
428 3073 455 3122 4.
492 3069 522 3120 ln
543 3071 674 3140 gleiclrenr
694 3070 778 3123 Sinna
796 3072 866 3124 steht
887 3075 928 3126 ln's
951 3077 1073 3126 moribus
1095 3073 1164 3125 diter
1186 3073 1229 3126 bei
1247 3072 1355 3140 Cicero,

221 3177 243 3210 z.
263 3159 294 3210 B.
315 3157 406 3225 Quint.
425 3162 477 3221 18,
497 3163 554 3221 59,-
574 3161 630 3222 30,
651 3163 706 3222 93;
723 3162 760 3212 nd
779 3159 828 3226 θα.
847 3160 884 3226 fr.
903 3158 934 3224 1,
957 3166 989 3222 1,
1008 3165 1036 3214 3.

290 3248 365 3297 soliti
382 3246 480 3307 erent)
517 3242 609 3312 Vergl.
629 3261 660 3296 zu
681 3243 740 3298 θαι.
760 3252 815 3311 50,
837 3252 863 3298 1.

290 3332 461 3382 nobilitatem
482 3330 662 3393 antevenire)
689 3330 714 3382 d.
733 3331 758 3383 b.
782 3331 837 3382 sich
862 3347 909 3382 vor
928 3329 979 3382 den
997 3329 1127 3382 Adlicben
1150 3330 1355 3383 lrerrorzutbnu.

222 3413 284 3484 vgl.
304 3414 337 3464 ll.
356 3416 405 3479 bb,
424 3417 441 3464 3
465 3429 549 3480 neque
570 3420 688 3468 consitio
710 3432 793 3484 neque
810 3432 893 3470 manu
910 3407 1034 3483 priorem
1051 3420 1138 3470 albanu
1154 3420 1224 3483 poti,
1249 3419 1356 3482 pleros-

222 3515 273 3566 que
290 3501 455 3552 atttevem‘re.
496 3491 600 3550 Anders
619 3501 744 3570 Herzog:
768 3503 807 3554 sie
826 3503 917 3555 balian
936 3503 993 3554 sicb
1013 3502 1063 3554 don
1081 3502 1217 3554 Amtsadel
1236 3503 1271 3554 iun
1291 3503 1358 3554 Vor-

223 3600 271 3636 aus
290 3582 421 3636 verdicut.
1130 3633 1135 3638 .

291 3671 390 3737 furtim
411 3679 437 3724 et
460 3684 512 3736 ner
535 3672 704 3735 ιαιιααὶιιια)
736 3671 760 3723 d.
790 3671 814 3724 b.
831 3672 922 3725 -durcb
948 3673 1237 3743 Schleiehwegannt
1266 3672 1355 3728 offena

224 3757 340 3810 Gewslt.

291 3849 316 3899 8.
334 3844 451 3910 proinde
469 3842 571 3909 qnasi)
593 3841 671 3894 “deur
691 3842 808 3911 gemble,
830 3843 869 3894 als
888 3859 996 3902 wenn..
1033 3844 1094 3913 vgl.
1115 3845 1145 3896 Z.
1165 3845 1188 3911 §.
1207 3851 1270 3912 2823
1290 3845 1354 3898 Scir.

222 3947 247 3997 p.
266 3933 326 3982 595.
347 3933 393 3994 ¹33
417 3928 459 3980 W.
479 3929 501 3994 §.
520 3930 572 3982 tuo
596 3927 649 3979 und
669 3929 702 3979 irn
722 3927 879 3997 Fulgenden
899 3930 965 3981 iiber
982 3945 1016 3983 uc
1032 3947 1086 3982 non
1104 3948 1136 3982 zu
1156 3931 1214 3984 θαι.
1233 3934 1285 3992 52,
1307 3937 1355 3986 15.

291 4015 359 4082 Kap.
378 4014 409 4065 V.
447 4021 469 4065 1.
488 4012 785 4080 Bellum-Romanus)
819 4015 873 4066 Die
892 4013 965 4066 Reda
984 4016 1092 4084 bewegt
1110 4015 1166 4068 siolr
1186 4015 1287 4068 bieria
1307 4014 1356 4068 der

224 4096 304 4150 Fortu
324 4099 397 4150 eines
415 4101 600 4152 Hexemeters.
635 4101 728 4170 Vergl.
748 4118 781 4153 zu
801 4100 859 4156 θαι.
882 4108 934 4167 19,
954 4109 981 4155 5.

293 4189 317 4234 ι.
336 4198 405 4249 qaue
423 4189 575 4250 contentio)
596 4185 664 4238 “der
681 4185 799 4240 dudurob
817 4187 979 4240 veraniusste
998 4186 1108 4242 Streit...
1147 4185 1175 4238 S.
1195 4203 1227 4238 zo
1246 4185 1304 4239 θαι.
1322 4193 1353 4252 8,

224 4275 244 4324 5
261 4267 316 4320 und
334 4270 399 4320 iiber
416 4272 510 4324 αἱαιαα
527 4283 607 4339 atque
625 4276 794 4326 tantunaco
814 4273 873 4326 θαι.
894 4277 944 4338 12,
963 4277 992 4326 2.

293 4355 392 4408 studiis
408 4358 550 4422 ciuilibus)
573 4356 673 4412 Statio
690 4358 840 4411 manobmal
857 4359 891 4411 ini
907 4358 991 4420 Sinus
1010 4375 1061 4410 von
1079 4361 1277 4421 contentiones,
1295 4373 1354 4412 cer-

224 4443 337 4496 tamina.
374 4439 466 4510 Vergl.
486 4441 546 4511 lup.
566 4446 618 4510 42,
639 4450 658 4497 ὅ
675 4446 708 4497 de
725 4445 823 4498 studiis
838 4450 962 4512 portium
979 4474 990 4484 ·
1008 4448 1033 4499 si
1049 4459 1146 4513 pamm
1163 4449 1309 4500 disserere.
