3020 5094
262 314 323 374 190
657 303 687 358 G.
706 303 885 358 SALLUSTI
904 301 1021 358 eliisei

259 481 338 561 pata
360 478 523 558 Romano,
555 478 675 563 quibas
698 497 763 540 nan
786 496 931 562 apaan,
961 457 1142 542 secandam
1165 497 1220 559 ea,
1249 479 1284 544 si
1308 477 1400 544 desi-

217 595 237 652 4
261 582 412 649 deranda
442 589 556 664 erant,
590 583 642 646 ati
671 579 794 644 debitis
821 588 945 645 aterer.
997 579 1068 646 Sed
1095 583 1249 667 ananiam
1273 603 1398 664 param

259 695 333 752 tata
353 706 416 769 per
443 707 481 751 se
510 687 589 768 ipsa
609 685 764 766 probitas
788 692 856 766 est,
883 703 986 770 rteqne
1012 685 1092 750 miii
1120 687 1157 750 in
1185 707 1284 751 nnana
1310 685 1396 774 fnit,

258 790 420 877 Inpartba
441 790 553 876 amalis
575 787 681 877 feret,
710 787 757 852 ad
778 807 837 852 aas
860 784 1010 874 consapi,
1039 788 1166 855 Patres
1191 789 1396 872 conscripti,

258 897 387 982 qiiibas,
411 894 499 980 arcad
516 894 596 958 mibi
611 895 842 957 miserrumam
860 899 928 971 est,
951 912 1051 977 caper
1064 895 1163 974 prins
1184 897 1278 959 aneri
1296 915 1396 981 aeram

215 1014 234 1071 5
258 1001 337 1064 visai
360 1017 444 1063 esse.
491 998 602 1062 Ceteri
623 1016 721 1082 repes
744 1003 804 1060 aat
827 995 911 1058 bella
932 997 1013 1060 eicti
1035 998 1072 1060 in
1093 998 1275 1063 amicitiam
1297 1021 1319 1063 a
1341 1019 1396 1062 aa·

258 1103 311 1166 bis
333 1103 460 1183 recepti
488 1108 583 1183 sant,
611 1109 669 1166 ant
694 1103 731 1166 in
759 1099 834 1162 sais
863 1097 971 1162 daliiis
1001 1101 1100 1164 rebas
1124 1103 1318 1166 sacietatem
1339 1123 1395 1166 va-

259 1215 367 1270 stram
395 1206 645 1286 appetiverim·
680 1201 813 1291 familia
842 1209 962 1268 nostra
992 1222 1064 1268 amn
1092 1206 1214 1287 papula
1244 1205 1395 1272 Romana

258 1309 341 1373 bella
359 1308 633 1392 Cartbapiniensi
650 1308 830 1372 amicitiam
852 1309 1013 1390 instituit,
1037 1327 1100 1393 qnia
1123 1317 1266 1389 tempere
1282 1314 1394 1396 mapis

215 1431 235 1490 6
254 1410 342 1500 fides
366 1414 440 1476 eins
462 1432 558 1497 qnam
579 1407 719 1500 fastaina
739 1410 884 1493 petenda
906 1417 990 1477 erat.
1035 1410 1180 1487 Qaarnm
1199 1417 1395 1499 properiem

247 1535 333 1598 aas,
357 1515 480 1580 Patres
504 1516 711 1598 Genesaripti,
734 1515 838 1580 nalite
859 1516 951 1595 pati,
974 1534 1040 1596 rae,
1063 1522 1212 1597 nepmem
1231 1515 1394 1582 Masinis-

324 1783 348 1831 4.
377 1793 427 1846 per
449 1792 479 1832 se
501 1781 564 1844 ipsa
585 1779 731 1846 probitas)
759 1775 884 1828 Mehrere
907 1774 1131 1828 Hanidsclrriflen:
1161 1793 1212 1845 per
1233 1795 1263 1832 se
1285 1783 1390 1847 ipsam.

256 1864 344 1918 Allein
359 1866 402 1917 bei
421 1878 472 1931 per
489 1879 518 1916 se
537 1863 563 1914 in
583 1862 631 1914 der
639 1862 801 1930 Bedeutung
821 1871 873 1912 “en
893 1860 946 1913 und
961 1861 1004 1913 lile
1022 1861 1093 1930 sich,
1113 1863 1207 1932 allein,
1225 1882 1276 1918 von
1288 1868 1387 1924 selbei..

255 1951 325 2003 steht
348 1954 407 2018 ipse
430 1951 464 2002 im
488 1949 651 2003 Nominaliv.
702 1947 795 2018 Vergl.
819 1945 879 2014 Iup.
904 1953 958 2012 96,
989 1951 1093 2002 2aiiis
1115 1965 1166 2016 per
1189 1967 1219 2004 se
1239 1955 1297 2019 ipse
1319 1957 1392 2007 dare

255 2036 399 2104 beneficin5
427 2035 481 2088 Cic.
505 2038 539 2088 de
556 2040 624 2102 lepp.
644 2033 692 2099 II,
715 2041 752 2088 17
769 2035 884 2086 sceleris
903 2049 991 2100 pransa
1009 2050 1111 2104 -per
1132 2051 1162 2088 se
1183 2040 1244 2104 ipsn
1261 2044 1390 2094 marinna

253 2134 312 2188 εει,
331 2139 385 2190 pro
402 2119 481 2175 Mar.
503 2124 540 2174 11
560 2120 671 2176 Ceterae
693 2124 809 2173 virtutes
834 2123 913 2187 ipsae
936 2135 987 2187 per
1011 2137 1040 2174 se
1062 2126 1178 2176 mattam
1194 2128 1293 2178 ament.
1330 2127 1390 2180 Der

255 2209 348 2262 Grund
367 2210 435 2278 liegt
453 2207 543 2275 deria,
564 2207 623 2260 dass
641 2211 701 2275 ipse
719 2207 771 2258 sind
789 2222 840 2274 pen·
857 2222 886 2259 se
905 2207 961 2258 sien
981 2209 1155 2278 gegeneeillg
1171 2211 1313 2278 regimen,
1335 2213 1390 2266 wie

254 2296 323 2348 dena
342 2295 420 2348 beide
439 2293 597 2347 Ausdriiclre
622 2294 648 2346 ln
667 2293 769 2346 diesem
789 2292 872 2346 Sirene
897 2293 963 2344 auch
982 2295 1021 2346 ost
1044 2294 1124 2346 nllein
1143 2295 1236 2346 slehen
1256 2295 1322 2348 oder
1340 2298 1389 2350 mit

254 2381 382 2435 einander
399 2380 584 2448 ebwechseln,
608 2396 631 2430 n.
651 2379 683 2430 B.
701 2395 752 2448 per
770 2395 800 2432 se
819 2378 878 2432 Cat.
899 2387 931 2444 1,
957 2387 996 2444 7,·
1020 2378 1135 2450 mapa.
1154 2385 1206 2434 iac.
1225 2380 1271 2436 Or.
1292 2381 1389 2437 Cattae

253 2469 276 2536 §.
296 2473 335 2534 25
359 2467 444 2538 vergl.
463 2467 529 2520 ench
553 2484 586 2518 nn
606 2463 666 2519 Cat.
686 2471 741 2528 39,
767 2471 794 2520 6.
831 2465 922 2518 Ueber
947 2469 1007 2532 ipse
1030 2466 1057 2518 in
1081 2465 1181 2520 diesem
1206 2467 1291 2522 Sinne
1309 2485 1331 2522 s.
1353 2489 1388 2523 ιιι

254 2552 314 2623 Iup.
331 2560 385 2619 aa,
407 2556 425 2608 4
443 2552 497 2606 und
516 2551 600 2622 vergl.
621 2552 679 2606 Cic.
699 2549 781 2619 bepp.
799 2550 828 2614 I,
850 2557 888 2606 18
904 2555 953 2618 im,
975 2568 1018 2606 wo
1030 2570 1066 2606 es
1083 2554 1130 2608 mit
1146 2570 1197 2622 per
1213 2570 1244 2608 se
1261 2556 1387 2610 ebwecb-
1479 2603 1480 2608 ,

253 2640 312 2691 seli.
343 2640 400 2690 Der
419 2639 566 2690 Aklnsatir
585 2654 637 2689 von
655 2642 715 2704 ipse
732 2636 802 2688 stelit
820 2636 846 2688 in
866 2637 955 2690 dieser
973 2638 1149 2708 Verbindung
1166 2640 1238 2692 wahl
1257 2656 1321 2710 nur,
1341 2660 1386 2696 wa

254 2725 297 2775 ein
318 2725 473 2792 Gegensniz
492 2723 643 2789 lninznlrlti,
668 2723 722 2776 wie
742 2722 798 2778 Cic.
817 2725 850 2774 de
868 2722 945 2776 Orat.
965 2722 1013 2789 II,
1037 2731 1071 2790 3,
1093 2732 1130 2777 11
1148 2730 1195 2792 qai
1211 2729 1386 2792 renidentium
1477 2741 1478 2753 ¹

253 2813 439 2876 rationemque
455 2810 563 2862 dicendi
578 2823 630 2876 per
646 2817 672 2861 te
691 2811 794 2877 ipsam,
819 2823 899 2862 mnne
920 2820 1012 2862 arctant
1028 2825 1079 2877 per
1101 2827 1152 2864 nas
1174 2816 1318 2880 percipere
1340 2830 1385 2866 aa·
1475 2805 1477 2891 ζ

252 2898 339 2949 iecisti.
638 2941 639 2946 ,

320 2987 345 3035 5.
374 2983 487 3050 factitia
505 2986 623 3047 nostra)
650 2981 743 3050 Vergl.
762 2999 794 3034 zu
813 2983 880 3050 Kap.
902 2989 932 3048 i,
952 2987 977 3035 3.

319 3072 475 3122 amiticiam
494 3071 631 3134 institnit)
658 3067 752 3136 Vergl.
773 3066 829 3121 Cic.
847 3066 926 3121 Fam.
945 3067 1037 3132 XIII,
1062 3076 1099 3123 17
1117 3072 1240 3124 anticiiia
1256 3082 1386 3138 perpetus
1471 3109 1472 3112 η

249 3158 318 3209 initi
336 3170 398 3210 aim
415 3172 447 3208 ea
464 3164 521 3219 est,
539 3165 570 3208 at
585 3157 706 3224 primam
725 3157 754 3206 ia
774 3155 867 3220 torrem
884 3159 946 3207 aeni
953 3194 962 3220 ,
983 3158 1121 3220 instituta,
1140 3157 1200 3209 ibid.
1221 3153 1288 3221 III,
1309 3163 1329 3212 9
1334 3196 1344 3222 ,
1365 3159 1384 3208 4

248 3252 417 3308 prorostra
433 3258 488 3294 nan
506 3245 645 3307 instituta,
671 3242 720 3293 sed
735 3242 792 3292 iam
815 3243 967 3294 inveterata
991 3244 1116 3295 amicitia
1121 3259 1134 3307 ,·
1162 3239 1222 3295 Lia.
1246 3239 1319 3306 VII,
1344 3249 1384 3297 31

247 3331 288 3378 iia
304 3330 445 3380 nobiscnm
462 3331 618 3380 amicitiam
634 3330 741 3381 institui
757 3342 811 3394 par
828 3336 885 3391 est,·
901 3330 939 3380 id.
956 3323 1095 3392 XXXIV,
1115 3331 1156 3384 32
1170 3332 1206 3381 in.
1213 3344 1226 3392 ,·
1245 3325 1380 3392 XXXVI,

249 3415 268 3465 6
285 3413 372 3475 nied.,·
390 3409 475 3476 XLI,
495 3415 535 3464 22
551 3423 623 3466 ectr.

315 3496 452 3564 petenda)
483 3499 786 3556 “iviinsehenswertb..
823 3498 853 3552 S.
873 3517 905 3552 zu
925 3499 983 3554 Cat.
1005 3506 1056 3565 10,
1077 3503 1105 3553 2.

316 3584 340 3638 b.
370 3581 493 3650 oaorem
509 3588 691 3652 propeniem)
718 3585 747 3637 S.
767 3603 799 3637 zu
818 3584 877 3654 Iap.
899 3592 952 3651 13,
972 3592 1000 3640 8.

314 3673 398 3722 notite
415 3673 497 3737 pati)
525 3669 553 3721 S.
573 3672 640 3723 iiber
658 3671 701 3724 die
720 3671 846 3741 Stellung
866 3671 953 3723 dieser
971 3671 1063 3724 Warte
1080 3688 1113 3723 zu
1133 3670 1193 3739 lap.
1213 3672 1247 3736 4,
1268 3675 1296 3723 2.

314 3770 371 3822 me,
390 3772 452 3822 nep.
472 3751 665 3824 Masinissae)
693 3758 776 3810 Diese
795 3757 886 3808 Warie
905 3756 991 3810 baben
1010 3758 1100 3827 einige
1119 3757 1314 3826 Herensgeber
1332 3773 1380 3825 ge-

247 3857 299 3908 gen
323 3841 375 3893 elle
398 3842 609 3914 Headschrilten
632 3843 737 3912 getllgt.
770 3842 925 3911 Allerdings
944 3842 1015 3895 bille
1039 3843 1081 3894 ein
1100 3841 1281 3895 Absehreiber
1299 3841 1381 3894 lelehi

246 3924 328 3977 durch
348 3927 395 3979 das
414 3928 495 3997 abige
514 3928 557 3994 (§.
573 3931 607 3992 l)
625 3926 798 3981 Masinissae
814 3942 858 3980 me
875 3939 1002 3996 nepotem
1019 3927 1166 3981 verenlnisi
1184 3927 1295 3980 werden
1315 3927 1381 3979 liin-

246 4025 314 4077 nen,
339 4012 429 4065 diesen
454 4015 554 4066 Zusalz
578 4014 645 4066 euch
669 4015 729 4067 hier
750 4013 924 4084 beinnlligen.
960 4013 1037 4066 Docln
1061 4013 1124 4066 iiia
1146 4012 1203 4065 sich
1222 4013 1265 4064 die
1283 4012 1379 4064 Beibe-

245 4095 358 4166 hallung
380 4097 521 4151 desselben
546 4115 694 4170 genugsem
718 4099 929 4169 rechiferiigen:
956 4098 1026 4151 dean
1051 4115 1080 4151 ee
1103 4099 1138 4150 let
1158 4099 1232 4150 nicht
1255 4113 1377 4167 danage-

245 4197 364 4248 meeeen,
391 4181 450 4236 dele
467 4183 615 4253 Adherbal,
640 4185 770 4238 nnabdem
794 4201 825 4238 er
848 4185 904 4237 eleb
923 4185 1001 4238 einen
1019 4183 1210 4254 Abkbmmling
1233 4184 1310 4235 einer
1332 4201 1376 4234 ιιιιι

244 4265 310 4318 liam
328 4267 558 4323 wablverdienlen
574 4271 685 4324 Familie
704 4276 824 4341 genennt
841 4270 904 4337 bai,
924 4271 980 4323 eieb
999 4270 1066 4324 nach
1085 4269 1278 4323 insbeeondere
1297 4269 1376 4320 einen

243 4352 329 4408 Enlel
351 4352 510 4424 deejenlgen
534 4355 648 4410 Mendes
671 4373 718 4409 ens
741 4357 831 4409 dieser
852 4355 964 4410 Familia
988 4362 1084 4424 neunt,
1112 4356 1233 4410 derben
1259 4354 1376 4408 Rimern

243 4438 286 4492 dle
304 4439 417 4495 meisten
436 4440 549 4494 Dienete
568 4442 691 4514 geleistit
708 4441 790 4495 belle.
